%% This BibTeX bibliography file was created using BibDesk.
%% http://bibdesk.sourceforge.net/


%% Created for Julian Griggs at 2014-01-07 14:52:52 -0500 


%% Saved with string encoding Unicode (UTF-8) 



@electronic{jsoup,
	Annote = {jsoup HTML Parser.},
	Author = {Jonathan Hedley},
	Date-Added = {2014-01-07 19:01:41 +0000},
	Date-Modified = {2014-01-07 19:03:54 +0000},
	Title = {jsoup: Java HTML Parser},
	Url = {http://jsoup.org/},
	Urldate = {2009-2013},
	Bdsk-Url-1 = {http://jsoup.org/}}

@electronic{HtmlUnit,
	Annote = {HtmlUnit software package.},
	Author = {Gargoyle Software Inc.},
	Date-Added = {2014-01-07 18:56:42 +0000},
	Date-Modified = {2014-01-07 19:05:27 +0000},
	Title = {HtmlUnit},
	Url = {http://htmlunit.sourceforge.net/},
	Urldate = {2002-2013},
	Bdsk-Url-1 = {http://htmlunit.sourceforge.net/}}

@electronic{data-source,
	Annote = {This is the source for all the data that I gathered.},
	Author = {NCAA},
	Date-Added = {2014-01-05 21:45:58 +0000},
	Date-Modified = {2014-01-05 21:56:30 +0000},
	Keywords = {data source},
	Title = {Sport List},
	Url = {http://stats.ncaa.org/team/inst_team_list},
	Urldate = {2014},
	Bdsk-Url-1 = {http://stats.ncaa.org/team/inst_team_list}}

@electronic{RPI-Anal_Non-Conf,
	Author = {Chris Thomas},
	Date-Added = {2013-12-31 18:30:30 +0000},
	Date-Modified = {2013-12-31 19:33:32 +0000},
	Lastchecked = {December 31},
	Title = {RPI: Non-Conference RPI},
	Url = {https://sites.google.com/site/rpifordivisioniwomenssoccer/non-conference-rpi},
	Bdsk-File-1 = {YnBsaXN0MDDUAQIDBAUGJCVYJHZlcnNpb25YJG9iamVjdHNZJGFyY2hpdmVyVCR0b3ASAAGGoKgHCBMUFRYaIVUkbnVsbNMJCgsMDxJXTlMua2V5c1pOUy5vYmplY3RzViRjbGFzc6INDoACgAOiEBGABIAFgAdccmVsYXRpdmVQYXRoWWFsaWFzRGF0YV8QXC4uLy4uLy4uL0Rlc2t0b3AvSVcvU291cmNlcy9SUEkgIE5vbi1Db25mZXJlbmNlIFJQSSAtIFJQSSBmb3IgRGl2aXNpb24gSSBXb21lbidzIFNvY2Nlci5odG1s0hcLGBlXTlMuZGF0YU8RAkIAAAAAAkIAAgAADE1hY2ludG9zaCBIRAAAAAAAAAAAAAAAAAAAAMm3i1VIKwAAAPCFGh9SUEkgIE5vbi1Db25mZXJlbmNlI0YwODNFQy5odG1sAAAAAAAAAAAAAAAAAAAAAAAAAAAAAAAAAAAAAAAAAAAA8IPszuh3pgAAAAAAAAAAAAMABAAACSAAAAAAAAAAAAAAAAAAAAAHU291cmNlcwAAEAAIAADJt8OVAAAAEQAIAADO6L32AAAAAQAUAPCFGgCgkqIACGtuAAhrZAAAmDoAAgBSTWFjaW50b3NoIEhEOlVzZXJzOgBKR3JpZ2dzOgBEZXNrdG9wOgBJVzoAU291cmNlczoAUlBJICBOb24tQ29uZmVyZW5jZSNGMDgzRUMuaHRtbAAOAIIAQABSAFAASQAgACAATgBvAG4ALQBDAG8AbgBmAGUAcgBlAG4AYwBlACAAUgBQAEkAIAAtACAAUgBQAEkAIABmAG8AcgAgAEQAaQB2AGkAcwBpAG8AbgAgAEkAIABXAG8AbQBlAG4AJwBzACAAUwBvAGMAYwBlAHIALgBoAHQAbQBsAA8AGgAMAE0AYQBjAGkAbgB0AG8AcwBoACAASABEABIAYVVzZXJzL0pHcmlnZ3MvRGVza3RvcC9JVy9Tb3VyY2VzL1JQSSAgTm9uLUNvbmZlcmVuY2UgUlBJIC0gUlBJIGZvciBEaXZpc2lvbiBJIFdvbWVuJ3MgU29jY2VyLmh0bWwAABMAAS8AABUAAgAO//8AAIAG0hscHR5aJGNsYXNzbmFtZVgkY2xhc3Nlc11OU011dGFibGVEYXRhox0fIFZOU0RhdGFYTlNPYmplY3TSGxwiI1xOU0RpY3Rpb25hcnmiIiBfEA9OU0tleWVkQXJjaGl2ZXLRJidUcm9vdIABAAgAEQAaACMALQAyADcAQABGAE0AVQBgAGcAagBsAG4AcQBzAHUAdwCEAI4A7QDyAPoDQANCA0cDUgNbA2kDbQN0A30DggOPA5IDpAOnA6wAAAAAAAACAQAAAAAAAAAoAAAAAAAAAAAAAAAAAAADrg==},
	Bdsk-Url-1 = {https://sites.google.com/site/rpifordivisioniwomenssoccer/non-conference-rpi}}

@electronic{RPI-Anal_Formula,
	Author = {Chris Thomas},
	Date-Added = {2013-12-31 18:28:00 +0000},
	Date-Modified = {2013-12-31 19:33:04 +0000},
	Lastchecked = {December 31},
	Title = {RPI: Formula},
	Url = {https://sites.google.com/site/rpifordivisioniwomenssoccer/rpi-formula},
	Bdsk-File-1 = {YnBsaXN0MDDUAQIDBAUGJCVYJHZlcnNpb25YJG9iamVjdHNZJGFyY2hpdmVyVCR0b3ASAAGGoKgHCBMUFRYaIVUkbnVsbNMJCgsMDxJXTlMua2V5c1pOUy5vYmplY3RzViRjbGFzc6INDoACgAOiEBGABIAFgAdccmVsYXRpdmVQYXRoWWFsaWFzRGF0YV8QUS4uLy4uLy4uL0Rlc2t0b3AvSVcvU291cmNlcy9SUEkgIEZvcm11bGEgLSBSUEkgZm9yIERpdmlzaW9uIEkgV29tZW4ncyBTb2NjZXIuaHRtbNIXCxgZV05TLmRhdGFPEQIgAAAAAAIgAAIAAAxNYWNpbnRvc2ggSEQAAAAAAAAAAAAAAAAAAADJt4tVSCsAAADwhRofUlBJICBGb3JtdWxhIC0gUlBJICNGMDgzMTcuaHRtbAAAAAAAAAAAAAAAAAAAAAAAAAAAAAAAAAAAAAAAAAAAAPCDF87odwkAAAAAAAAAAAADAAQAAAkgAAAAAAAAAAAAAAAAAAAAB1NvdXJjZXMAABAACAAAybfDlQAAABEACAAAzui9WQAAAAEAFADwhRoAoJKiAAhrbgAIa2QAAJg6AAIAUk1hY2ludG9zaCBIRDpVc2VyczoASkdyaWdnczoARGVza3RvcDoASVc6AFNvdXJjZXM6AFJQSSAgRm9ybXVsYSAtIFJQSSAjRjA4MzE3Lmh0bWwADgBsADUAUgBQAEkAIAAgAEYAbwByAG0AdQBsAGEAIAAtACAAUgBQAEkAIABmAG8AcgAgAEQAaQB2AGkAcwBpAG8AbgAgAEkAIABXAG8AbQBlAG4AJwBzACAAUwBvAGMAYwBlAHIALgBoAHQAbQBsAA8AGgAMAE0AYQBjAGkAbgB0AG8AcwBoACAASABEABIAVlVzZXJzL0pHcmlnZ3MvRGVza3RvcC9JVy9Tb3VyY2VzL1JQSSAgRm9ybXVsYSAtIFJQSSBmb3IgRGl2aXNpb24gSSBXb21lbidzIFNvY2Nlci5odG1sABMAAS8AABUAAgAO//8AAIAG0hscHR5aJGNsYXNzbmFtZVgkY2xhc3Nlc11OU011dGFibGVEYXRhox0fIFZOU0RhdGFYTlNPYmplY3TSGxwiI1xOU0RpY3Rpb25hcnmiIiBfEA9OU0tleWVkQXJjaGl2ZXLRJidUcm9vdIABAAgAEQAaACMALQAyADcAQABGAE0AVQBgAGcAagBsAG4AcQBzAHUAdwCEAI4A4gDnAO8DEwMVAxoDJQMuAzwDQANHA1ADVQNiA2UDdwN6A38AAAAAAAACAQAAAAAAAAAoAAAAAAAAAAAAAAAAAAADgQ==},
	Bdsk-Url-1 = {https://sites.google.com/site/rpifordivisioniwomenssoccer/rpi-formula}}

@electronic{RPI-Anal_SOS,
	Author = {Chris Thomas},
	Date-Added = {2013-12-31 18:24:57 +0000},
	Date-Modified = {2013-12-31 19:34:12 +0000},
	Lastchecked = {December 31},
	Title = {RPI: Strength of Schedule Problem},
	Url = {https://sites.google.com/site/rpifordivisioniwomenssoccer/rpi-strength-of-schedule-problem},
	Bdsk-File-1 = {YnBsaXN0MDDUAQIDBAUGJCVYJHZlcnNpb25YJG9iamVjdHNZJGFyY2hpdmVyVCR0b3ASAAGGoKgHCBMUFRYaIVUkbnVsbNMJCgsMDxJXTlMua2V5c1pOUy5vYmplY3RzViRjbGFzc6INDoACgAOiEBGABIAFgAdccmVsYXRpdmVQYXRoWWFsaWFzRGF0YV8QZi4uLy4uLy4uL0Rlc2t0b3AvSVcvU291cmNlcy9SUEkgIFN0cmVuZ3RoIG9mIFNjaGVkdWxlIFByb2JsZW0gLSBSUEkgZm9yIERpdmlzaW9uIEkgV29tZW4ncyBTb2NjZXIuaHRtbNIXCxgZV05TLmRhdGFPEQJgAAAAAAJgAAIAAAxNYWNpbnRvc2ggSEQAAAAAAAAAAAAAAAAAAADJt4tVSCsAAADwhRofUlBJICBTdHJlbmd0aCBvZiBTYyNGMDgyOUEuaHRtbAAAAAAAAAAAAAAAAAAAAAAAAAAAAAAAAAAAAAAAAAAAAPCCms7odnoAAAAAAAAAAAADAAQAAAkgAAAAAAAAAAAAAAAAAAAAB1NvdXJjZXMAABAACAAAybfDlQAAABEACAAAzui8ygAAAAEAFADwhRoAoJKiAAhrbgAIa2QAAJg6AAIAUk1hY2ludG9zaCBIRDpVc2VyczoASkdyaWdnczoARGVza3RvcDoASVc6AFNvdXJjZXM6AFJQSSAgU3RyZW5ndGggb2YgU2MjRjA4MjlBLmh0bWwADgCWAEoAUgBQAEkAIAAgAFMAdAByAGUAbgBnAHQAaAAgAG8AZgAgAFMAYwBoAGUAZAB1AGwAZQAgAFAAcgBvAGIAbABlAG0AIAAtACAAUgBQAEkAIABmAG8AcgAgAEQAaQB2AGkAcwBpAG8AbgAgAEkAIABXAG8AbQBlAG4AJwBzACAAUwBvAGMAYwBlAHIALgBoAHQAbQBsAA8AGgAMAE0AYQBjAGkAbgB0AG8AcwBoACAASABEABIAa1VzZXJzL0pHcmlnZ3MvRGVza3RvcC9JVy9Tb3VyY2VzL1JQSSAgU3RyZW5ndGggb2YgU2NoZWR1bGUgUHJvYmxlbSAtIFJQSSBmb3IgRGl2aXNpb24gSSBXb21lbidzIFNvY2Nlci5odG1sAAATAAEvAAAVAAIADv//AACABtIbHB0eWiRjbGFzc25hbWVYJGNsYXNzZXNdTlNNdXRhYmxlRGF0YaMdHyBWTlNEYXRhWE5TT2JqZWN00hscIiNcTlNEaWN0aW9uYXJ5oiIgXxAPTlNLZXllZEFyY2hpdmVy0SYnVHJvb3SAAQAIABEAGgAjAC0AMgA3AEAARgBNAFUAYABnAGoAbABuAHEAcwB1AHcAhACOAPcA/AEEA2gDagNvA3oDgwORA5UDnAOlA6oDtwO6A8wDzwPUAAAAAAAAAgEAAAAAAAAAKAAAAAAAAAAAAAAAAAAAA9Y=},
	Bdsk-Url-1 = {https://sites.google.com/site/rpifordivisioniwomenssoccer/rpi-strength-of-schedule-problem}}

@electronic{RPI-Anal_HomeVsAway,
	Author = {Chris Thomas},
	Date-Added = {2013-12-31 18:20:46 +0000},
	Date-Modified = {2013-12-31 19:33:14 +0000},
	Lastchecked = {December 31},
	Title = {RPI: Home/Away/Neutral Issues},
	Url = {https://sites.google.com/site/rpifordivisioniwomenssoccer/home-away-neutral-issues},
	Bdsk-File-1 = {YnBsaXN0MDDUAQIDBAUGJCVYJHZlcnNpb25YJG9iamVjdHNZJGFyY2hpdmVyVCR0b3ASAAGGoKgHCBMUFRYaIVUkbnVsbNMJCgsMDxJXTlMua2V5c1pOUy5vYmplY3RzViRjbGFzc6INDoACgAOiEBGABIAFgAdccmVsYXRpdmVQYXRoWWFsaWFzRGF0YV8QYi4uLy4uLy4uL0Rlc2t0b3AvSVcvU291cmNlcy9SUEkgIEhvbWUgQXdheSBOZXV0cmFsIElzc3VlcyAtIFJQSSBmb3IgRGl2aXNpb24gSSBXb21lbidzIFNvY2Nlci5odG1s0hcLGBlXTlMuZGF0YU8RAlQAAAAAAlQAAgAADE1hY2ludG9zaCBIRAAAAAAAAAAAAAAAAAAAAMm3i1VIKwAAAPCFGh9SUEkgIEhvbWUgQXdheSBOZXV0I0YwODIwRS5odG1sAAAAAAAAAAAAAAAAAAAAAAAAAAAAAAAAAAAAAAAAAAAA8IIOzuh1wwAAAAAAAAAAAAMABAAACSAAAAAAAAAAAAAAAAAAAAAHU291cmNlcwAAEAAIAADJt8OVAAAAEQAIAADO6LwTAAAAAQAUAPCFGgCgkqIACGtuAAhrZAAAmDoAAgBSTWFjaW50b3NoIEhEOlVzZXJzOgBKR3JpZ2dzOgBEZXNrdG9wOgBJVzoAU291cmNlczoAUlBJICBIb21lIEF3YXkgTmV1dCNGMDgyMEUuaHRtbAAOAI4ARgBSAFAASQAgACAASABvAG0AZQAgAEEAdwBhAHkAIABOAGUAdQB0AHIAYQBsACAASQBzAHMAdQBlAHMAIAAtACAAUgBQAEkAIABmAG8AcgAgAEQAaQB2AGkAcwBpAG8AbgAgAEkAIABXAG8AbQBlAG4AJwBzACAAUwBvAGMAYwBlAHIALgBoAHQAbQBsAA8AGgAMAE0AYQBjAGkAbgB0AG8AcwBoACAASABEABIAZ1VzZXJzL0pHcmlnZ3MvRGVza3RvcC9JVy9Tb3VyY2VzL1JQSSAgSG9tZSBBd2F5IE5ldXRyYWwgSXNzdWVzIC0gUlBJIGZvciBEaXZpc2lvbiBJIFdvbWVuJ3MgU29jY2VyLmh0bWwAABMAAS8AABUAAgAO//8AAIAG0hscHR5aJGNsYXNzbmFtZVgkY2xhc3Nlc11OU011dGFibGVEYXRhox0fIFZOU0RhdGFYTlNPYmplY3TSGxwiI1xOU0RpY3Rpb25hcnmiIiBfEA9OU0tleWVkQXJjaGl2ZXLRJidUcm9vdIABAAgAEQAaACMALQAyADcAQABGAE0AVQBgAGcAagBsAG4AcQBzAHUAdwCEAI4A8wD4AQADWANaA18DagNzA4EDhQOMA5UDmgOnA6oDvAO/A8QAAAAAAAACAQAAAAAAAAAoAAAAAAAAAAAAAAAAAAADxg==},
	Bdsk-Url-1 = {https://sites.google.com/site/rpifordivisioniwomenssoccer/home-away-neutral-issues}}

@article{Keener,
	Annote = {Keener method and Score Smoothing Functions},
	Author = {James P. Keener},
	Date-Added = {2013-12-28 21:12:45 +0000},
	Date-Modified = {2013-12-28 21:20:02 +0000},
	Journal = {SIAM Review},
	Keywords = {Perron-Frobrenius theorem, paired comparisons, ranking, ordering},
	Month = {March},
	Number = {1},
	Pages = {80-93},
	Title = {The Perron-Frobenius Theorem and the Ranking of Football Teams},
	Volume = {35},
	Year = {1993},
	Bdsk-File-1 = {YnBsaXN0MDDUAQIDBAUGJCVYJHZlcnNpb25YJG9iamVjdHNZJGFyY2hpdmVyVCR0b3ASAAGGoKgHCBMUFRYaIVUkbnVsbNMJCgsMDxJXTlMua2V5c1pOUy5vYmplY3RzViRjbGFzc6INDoACgAOiEBGABIAFgAdccmVsYXRpdmVQYXRoWWFsaWFzRGF0YV8QJi4uLy4uLy4uL0Rlc2t0b3AvSVcvU291cmNlcy9LZWVuZXIucGRm0hcLGBlXTlMuZGF0YU8RAYwAAAAAAYwAAgAADE1hY2ludG9zaCBIRAAAAAAAAAAAAAAAAAAAAMm3i1VIKwAAAPCFGgpLZWVuZXIucGRmAAAAAAAAAAAAAAAAAAAAAAAAAAAAAAAAAAAAAAAAAAAAAAAAAAAAAAAAAAAAAAAAAAAAAAAA6rhZzuSpWQAAAAAAAAAAAAMABAAACSAAAAAAAAAAAAAAAAAAAAAHU291cmNlcwAAEAAIAADJt8OVAAAAEQAIAADO5O+pAAAAAQAUAPCFGgCgkqIACGtuAAhrZAAAmDoAAgA9TWFjaW50b3NoIEhEOlVzZXJzOgBKR3JpZ2dzOgBEZXNrdG9wOgBJVzoAU291cmNlczoAS2VlbmVyLnBkZgAADgAWAAoASwBlAGUAbgBlAHIALgBwAGQAZgAPABoADABNAGEAYwBpAG4AdABvAHMAaAAgAEgARAASACtVc2Vycy9KR3JpZ2dzL0Rlc2t0b3AvSVcvU291cmNlcy9LZWVuZXIucGRmAAATAAEvAAAVAAIADv//AACABtIbHB0eWiRjbGFzc25hbWVYJGNsYXNzZXNdTlNNdXRhYmxlRGF0YaMdHyBWTlNEYXRhWE5TT2JqZWN00hscIiNcTlNEaWN0aW9uYXJ5oiIgXxAPTlNLZXllZEFyY2hpdmVy0SYnVHJvb3SAAQAIABEAGgAjAC0AMgA3AEAARgBNAFUAYABnAGoAbABuAHEAcwB1AHcAhACOALcAvADEAlQCVgJbAmYCbwJ9AoECiAKRApYCowKmArgCuwLAAAAAAAAAAgEAAAAAAAAAKAAAAAAAAAAAAAAAAAAAAsI=}}

@article{Offense-Defense,
	Author = {Anjela Y. Govan and Amy N. Langville and Carl D. Meyer},
	Date-Added = {2013-12-28 20:30:31 +0000},
	Date-Modified = {2013-12-28 21:14:59 +0000},
	Issue = {1},
	Journal = {Journal of Quantitative Analysis in Sports},
	Number = {4},
	Publisher = {The Berkeley Electronic Press},
	Title = {Offense-Defense Approach to Ranking Team Sports},
	Volume = {5},
	Year = {2009},
	Bdsk-File-1 = {YnBsaXN0MDDUAQIDBAUGJCVYJHZlcnNpb25YJG9iamVjdHNZJGFyY2hpdmVyVCR0b3ASAAGGoKgHCBMUFRYaIVUkbnVsbNMJCgsMDxJXTlMua2V5c1pOUy5vYmplY3RzViRjbGFzc6INDoACgAOiEBGABIAFgAdccmVsYXRpdmVQYXRoWWFsaWFzRGF0YV8QMy4uLy4uLy4uL0Rlc2t0b3AvSVcvU291cmNlcy9PZmZlbnNlRGVmZW5zZU1vZGVsLnBkZtIXCxgZV05TLmRhdGFPEQG+AAAAAAG+AAIAAAxNYWNpbnRvc2ggSEQAAAAAAAAAAAAAAAAAAADJt4tVSCsAAADwhRoXT2ZmZW5zZURlZmVuc2VNb2RlbC5wZGYAAAAAAAAAAAAAAAAAAAAAAAAAAAAAAAAAAAAAAAAAAAAAAAAAAAAAAOqqbM7kn78AAAAAAAAAAAADAAQAAAkgAAAAAAAAAAAAAAAAAAAAB1NvdXJjZXMAABAACAAAybfDlQAAABEACAAAzuTmDwAAAAEAFADwhRoAoJKiAAhrbgAIa2QAAJg6AAIASk1hY2ludG9zaCBIRDpVc2VyczoASkdyaWdnczoARGVza3RvcDoASVc6AFNvdXJjZXM6AE9mZmVuc2VEZWZlbnNlTW9kZWwucGRmAA4AMAAXAE8AZgBmAGUAbgBzAGUARABlAGYAZQBuAHMAZQBNAG8AZABlAGwALgBwAGQAZgAPABoADABNAGEAYwBpAG4AdABvAHMAaAAgAEgARAASADhVc2Vycy9KR3JpZ2dzL0Rlc2t0b3AvSVcvU291cmNlcy9PZmZlbnNlRGVmZW5zZU1vZGVsLnBkZgATAAEvAAAVAAIADv//AACABtIbHB0eWiRjbGFzc25hbWVYJGNsYXNzZXNdTlNNdXRhYmxlRGF0YaMdHyBWTlNEYXRhWE5TT2JqZWN00hscIiNcTlNEaWN0aW9uYXJ5oiIgXxAPTlNLZXllZEFyY2hpdmVy0SYnVHJvb3SAAQAIABEAGgAjAC0AMgA3AEAARgBNAFUAYABnAGoAbABuAHEAcwB1AHcAhACOAMQAyQDRApMClQKaAqUCrgK8AsACxwLQAtUC4gLlAvcC+gL/AAAAAAAAAgEAAAAAAAAAKAAAAAAAAAAAAAAAAAAAAwE=}}

@inproceedings{GeneralizingPageRank,
	Address = {San Antonio Texas},
	Author = {Anjela Y. Govan and Carl D. Meyer and Russell Albright},
	Date-Added = {2013-12-28 20:20:12 +0000},
	Date-Modified = {2013-12-28 21:14:54 +0000},
	Month = {March},
	Number = {151-2008},
	Organization = {SAS Global Forum},
	Series = {Data Mining and Predictive Modeling},
	Title = {Generalizing Google's PageRank to National Football Leage Teams},
	Year = {2008},
	Bdsk-File-1 = {YnBsaXN0MDDUAQIDBAUGJCVYJHZlcnNpb25YJG9iamVjdHNZJGFyY2hpdmVyVCR0b3ASAAGGoKgHCBMUFRYaIVUkbnVsbNMJCgsMDxJXTlMua2V5c1pOUy5vYmplY3RzViRjbGFzc6INDoACgAOiEBGABIAFgAdccmVsYXRpdmVQYXRoWWFsaWFzRGF0YV8QLC4uLy4uLy4uL0Rlc2t0b3AvSVcvU291cmNlcy9SYW5raW5nUGFwZXIucGRm0hcLGBlXTlMuZGF0YU8RAaQAAAAAAaQAAgAADE1hY2ludG9zaCBIRAAAAAAAAAAAAAAAAAAAAMm3i1VIKwAAAPCFGhBSYW5raW5nUGFwZXIucGRmAAAAAAAAAAAAAAAAAAAAAAAAAAAAAAAAAAAAAAAAAAAAAAAAAAAAAAAAAAAAAAAA6pvozuSeBQAAAAAAAAAAAAMABAAACSAAAAAAAAAAAAAAAAAAAAAHU291cmNlcwAAEAAIAADJt8OVAAAAEQAIAADO5ORVAAAAAQAUAPCFGgCgkqIACGtuAAhrZAAAmDoAAgBDTWFjaW50b3NoIEhEOlVzZXJzOgBKR3JpZ2dzOgBEZXNrdG9wOgBJVzoAU291cmNlczoAUmFua2luZ1BhcGVyLnBkZgAADgAiABAAUgBhAG4AawBpAG4AZwBQAGEAcABlAHIALgBwAGQAZgAPABoADABNAGEAYwBpAG4AdABvAHMAaAAgAEgARAASADFVc2Vycy9KR3JpZ2dzL0Rlc2t0b3AvSVcvU291cmNlcy9SYW5raW5nUGFwZXIucGRmAAATAAEvAAAVAAIADv//AACABtIbHB0eWiRjbGFzc25hbWVYJGNsYXNzZXNdTlNNdXRhYmxlRGF0YaMdHyBWTlNEYXRhWE5TT2JqZWN00hscIiNcTlNEaWN0aW9uYXJ5oiIgXxAPTlNLZXllZEFyY2hpdmVy0SYnVHJvb3SAAQAIABEAGgAjAC0AMgA3AEAARgBNAFUAYABnAGoAbABuAHEAcwB1AHcAhACOAL0AwgDKAnICdAJ5AoQCjQKbAp8CpgKvArQCwQLEAtYC2QLeAAAAAAAAAgEAAAAAAAAAKAAAAAAAAAAAAAAAAAAAAuA=}}

@jurthesis{PageRank_NFL,
	Author = {Anjela Y. Govan and Carl D. Meyer},
	Date-Added = {2013-12-28 20:00:52 +0000},
	Date-Modified = {2013-12-28 20:27:23 +0000},
	Keywords = {PageRank NFL},
	School = {North Carolina State University},
	Title = {Ranking National Football League Teams Using Google's PageRank},
	Bdsk-File-1 = {YnBsaXN0MDDUAQIDBAUGJCVYJHZlcnNpb25YJG9iamVjdHNZJGFyY2hpdmVyVCR0b3ASAAGGoKgHCBMUFRYaIVUkbnVsbNMJCgsMDxJXTlMua2V5c1pOUy5vYmplY3RzViRjbGFzc6INDoACgAOiEBGABIAFgAdccmVsYXRpdmVQYXRoWWFsaWFzRGF0YV8QLC4uLy4uLy4uL0Rlc2t0b3AvSVcvU291cmNlcy9QYWdlUmFuayBORkwucGRm0hcLGBlXTlMuZGF0YU8RAaQAAAAAAaQAAgAADE1hY2ludG9zaCBIRAAAAAAAAAAAAAAAAAAAAMm3i1VIKwAAAPCFGhBQYWdlUmFuayBORkwucGRmAAAAAAAAAAAAAAAAAAAAAAAAAAAAAAAAAAAAAAAAAAAAAAAAAAAAAAAAAAAAAAAA6maCzuSYFQAAAAAAAAAAAAMABAAACSAAAAAAAAAAAAAAAAAAAAAHU291cmNlcwAAEAAIAADJt8OVAAAAEQAIAADO5N5lAAAAAQAUAPCFGgCgkqIACGtuAAhrZAAAmDoAAgBDTWFjaW50b3NoIEhEOlVzZXJzOgBKR3JpZ2dzOgBEZXNrdG9wOgBJVzoAU291cmNlczoAUGFnZVJhbmsgTkZMLnBkZgAADgAiABAAUABhAGcAZQBSAGEAbgBrACAATgBGAEwALgBwAGQAZgAPABoADABNAGEAYwBpAG4AdABvAHMAaAAgAEgARAASADFVc2Vycy9KR3JpZ2dzL0Rlc2t0b3AvSVcvU291cmNlcy9QYWdlUmFuayBORkwucGRmAAATAAEvAAAVAAIADv//AACABtIbHB0eWiRjbGFzc25hbWVYJGNsYXNzZXNdTlNNdXRhYmxlRGF0YaMdHyBWTlNEYXRhWE5TT2JqZWN00hscIiNcTlNEaWN0aW9uYXJ5oiIgXxAPTlNLZXllZEFyY2hpdmVy0SYnVHJvb3SAAQAIABEAGgAjAC0AMgA3AEAARgBNAFUAYABnAGoAbABuAHEAcwB1AHcAhACOAL0AwgDKAnICdAJ5AoQCjQKbAp8CpgKvArQCwQLEAtYC2QLeAAAAAAAAAgEAAAAAAAAAKAAAAAAAAAAAAAAAAAAAAuA=}}

@manual{NCAA-Manual,
	Address = {700 W. Washington Street P.O. Box 6222 Indianapolis, Indiana 46206-6222},
	Annote = {Copy obtained in .pdf format from http://fs.ncaa.org/Docs/stats/Stats_Manuals/Soccer/2009ez.pdf.},
	Date-Added = {2013-12-27 17:33:08 +0000},
	Date-Modified = {2013-12-27 17:37:47 +0000},
	Organization = {NCAA},
	Title = {Soceer Statistics Guide},
	Year = {2009},
	Bdsk-File-1 = {YnBsaXN0MDDUAQIDBAUGJCVYJHZlcnNpb25YJG9iamVjdHNZJGFyY2hpdmVyVCR0b3ASAAGGoKgHCBMUFRYaIVUkbnVsbNMJCgsMDxJXTlMua2V5c1pOUy5vYmplY3RzViRjbGFzc6INDoACgAOiEBGABIAFgAdccmVsYXRpdmVQYXRoWWFsaWFzRGF0YV8QKy4uLy4uLy4uL0Rlc2t0b3AvSVcvU291cmNlcy9OQ0FBIE1hbnVhbC5wZGbSFwsYGVdOUy5kYXRhTxEBngAAAAABngACAAAMTWFjaW50b3NoIEhEAAAAAAAAAAAAAAAAAAAAybeLVUgrAAAA8IUaD05DQUEgTWFudWFsLnBkZgAAAAAAAAAAAAAAAAAAAAAAAAAAAAAAAAAAAAAAAAAAAAAAAAAAAAAAAAAAAAAAAADqY0DO5JeNAAAAAAAAAAAAAwAEAAAJIAAAAAAAAAAAAAAAAAAAAAdTb3VyY2VzAAAQAAgAAMm3w5UAAAARAAgAAM7k3d0AAAABABQA8IUaAKCSogAIa24ACGtkAACYOgACAEJNYWNpbnRvc2ggSEQ6VXNlcnM6AEpHcmlnZ3M6AERlc2t0b3A6AElXOgBTb3VyY2VzOgBOQ0FBIE1hbnVhbC5wZGYADgAgAA8ATgBDAEEAQQAgAE0AYQBuAHUAYQBsAC4AcABkAGYADwAaAAwATQBhAGMAaQBuAHQAbwBzAGgAIABIAEQAEgAwVXNlcnMvSkdyaWdncy9EZXNrdG9wL0lXL1NvdXJjZXMvTkNBQSBNYW51YWwucGRmABMAAS8AABUAAgAO//8AAIAG0hscHR5aJGNsYXNzbmFtZVgkY2xhc3Nlc11OU011dGFibGVEYXRhox0fIFZOU0RhdGFYTlNPYmplY3TSGxwiI1xOU0RpY3Rpb25hcnmiIiBfEA9OU0tleWVkQXJjaGl2ZXLRJidUcm9vdIABAAgAEQAaACMALQAyADcAQABGAE0AVQBgAGcAagBsAG4AcQBzAHUAdwCEAI4AvADBAMkCawJtAnICfQKGApQCmAKfAqgCrQK6Ar0CzwLSAtcAAAAAAAACAQAAAAAAAAAoAAAAAAAAAAAAAAAAAAAC2Q==}}

@article{AMS,
	Annote = {American Mathematical Society featured article describing how PageRank works.},
	Author = {David Austin},
	Date-Added = {2013-12-21 17:47:21 +0000},
	Date-Modified = {2013-12-21 17:51:42 +0000},
	Icbm = {41.836808, -71.412672},
	Journal = {American Mathematical Society},
	Month = {December},
	Title = {How Google Finds Your Needle in the Web's Haystack},
	Year = {2006},
	Bdsk-File-1 = {YnBsaXN0MDDUAQIDBAUGJCVYJHZlcnNpb25YJG9iamVjdHNZJGFyY2hpdmVyVCR0b3ASAAGGoKgHCBMUFRYaIVUkbnVsbNMJCgsMDxJXTlMua2V5c1pOUy5vYmplY3RzViRjbGFzc6INDoACgAOiEBGABIAFgAdccmVsYXRpdmVQYXRoWWFsaWFzRGF0YV8QPC4uLy4uLy4uL0Rlc2t0b3AvSVcvU291cmNlcy9GZWF0dXJlIENvbHVtbiBmcm9tIHRoZSBBTVMuaHRtbNIXCxgZV05TLmRhdGFPEQHiAAAAAAHiAAIAAAxNYWNpbnRvc2ggSEQAAAAAAAAAAAAAAAAAAADJt4tVSCsAAADwhRofRmVhdHVyZSBDb2x1bW4gZnJvbSNFQTYxQ0UuaHRtbAAAAAAAAAAAAAAAAAAAAAAAAAAAAAAAAAAAAAAAAAAAAOphzs7klyUAAAAAAAAAAAADAAQAAAkgAAAAAAAAAAAAAAAAAAAAB1NvdXJjZXMAABAACAAAybfDlQAAABEACAAAzuTddQAAAAEAFADwhRoAoJKiAAhrbgAIa2QAAJg6AAIAUk1hY2ludG9zaCBIRDpVc2VyczoASkdyaWdnczoARGVza3RvcDoASVc6AFNvdXJjZXM6AEZlYXR1cmUgQ29sdW1uIGZyb20jRUE2MUNFLmh0bWwADgBCACAARgBlAGEAdAB1AHIAZQAgAEMAbwBsAHUAbQBuACAAZgByAG8AbQAgAHQAaABlACAAQQBNAFMALgBoAHQAbQBsAA8AGgAMAE0AYQBjAGkAbgB0AG8AcwBoACAASABEABIAQVVzZXJzL0pHcmlnZ3MvRGVza3RvcC9JVy9Tb3VyY2VzL0ZlYXR1cmUgQ29sdW1uIGZyb20gdGhlIEFNUy5odG1sAAATAAEvAAAVAAIADv//AACABtIbHB0eWiRjbGFzc25hbWVYJGNsYXNzZXNdTlNNdXRhYmxlRGF0YaMdHyBWTlNEYXRhWE5TT2JqZWN00hscIiNcTlNEaWN0aW9uYXJ5oiIgXxAPTlNLZXllZEFyY2hpdmVy0SYnVHJvb3SAAQAIABEAGgAjAC0AMgA3AEAARgBNAFUAYABnAGoAbABuAHEAcwB1AHcAhACOAM0A0gDaAsACwgLHAtIC2wLpAu0C9AL9AwIDDwMSAyQDJwMsAAAAAAAAAgEAAAAAAAAAKAAAAAAAAAAAAAAAAAAAAy4=}}

@electronic{elo.net,
	Annote = {Eloratings.net},
	Date-Added = {2013-12-21 04:36:16 +0000},
	Date-Modified = {2013-12-31 19:34:47 +0000},
	Lastchecked = {December 20},
	Title = {The World Football Elo Rating System},
	Url = {http://www.eloratings.net/system.html},
	Bdsk-Url-1 = {http://www.eloratings.net/system.html}}

@electronic{elo-soccer,
	Annote = {This webpage describes how the Elo rating system is used in professional soccer.},
	Author = {Tihomir Koychev},
	Date-Added = {2013-12-21 04:23:34 +0000},
	Date-Modified = {2013-12-31 19:34:54 +0000},
	Lastchecked = {December 20, 2013},
	Title = {Elo rating system for predicting football matches},
	Url = {http://www.prosoccer.eu/betting-theory/elo-rating-system-predicting-football-matches/},
	Urldate = {April 30, 2013},
	Bdsk-Url-1 = {http://www.prosoccer.eu/betting-theory/elo-rating-system-predicting-football-matches/}}

@article{ELO-Paper,
	Address = {111 Cummington St. Boston, MA 02215},
	Annote = {This is a comprehensive parper detailing all the details of the Elo rating system.},
	Author = {Mark Glickman},
	Date-Added = {2013-12-21 03:57:47 +0000},
	Date-Modified = {2013-12-31 18:15:33 +0000},
	Institution = {Department of Mathematics Boston University},
	Journal = {American Chess Journal},
	Pages = {59-102},
	Title = {A Comprehensive Guide To Chess Rankings},
	Volume = {3},
	Year = {1995},
	Bdsk-File-1 = {YnBsaXN0MDDUAQIDBAUGJCVYJHZlcnNpb25YJG9iamVjdHNZJGFyY2hpdmVyVCR0b3ASAAGGoKgHCBMUFRYaIVUkbnVsbNMJCgsMDxJXTlMua2V5c1pOUy5vYmplY3RzViRjbGFzc6INDoACgAOiEBGABIAFgAdccmVsYXRpdmVQYXRoWWFsaWFzRGF0YV8QMi4uLy4uLy4uL0Rlc2t0b3AvSVcvU291cmNlcy9HbGlja21hbiBFbG8gUGFwZXIucGRm0hcLGBlXTlMuZGF0YU8RAbwAAAAAAbwAAgAADE1hY2ludG9zaCBIRAAAAAAAAAAAAAAAAAAAAMm3i1VIKwAAAPCFGhZHbGlja21hbiBFbG8gUGFwZXIucGRmAAAAAAAAAAAAAAAAAAAAAAAAAAAAAAAAAAAAAAAAAAAAAAAAAAAAAAAA6mRozuSX2AAAAAAAAAAAAAMABAAACSAAAAAAAAAAAAAAAAAAAAAHU291cmNlcwAAEAAIAADJt8OVAAAAEQAIAADO5N4oAAAAAQAUAPCFGgCgkqIACGtuAAhrZAAAmDoAAgBJTWFjaW50b3NoIEhEOlVzZXJzOgBKR3JpZ2dzOgBEZXNrdG9wOgBJVzoAU291cmNlczoAR2xpY2ttYW4gRWxvIFBhcGVyLnBkZgAADgAuABYARwBsAGkAYwBrAG0AYQBuACAARQBsAG8AIABQAGEAcABlAHIALgBwAGQAZgAPABoADABNAGEAYwBpAG4AdABvAHMAaAAgAEgARAASADdVc2Vycy9KR3JpZ2dzL0Rlc2t0b3AvSVcvU291cmNlcy9HbGlja21hbiBFbG8gUGFwZXIucGRmAAATAAEvAAAVAAIADv//AACABtIbHB0eWiRjbGFzc25hbWVYJGNsYXNzZXNdTlNNdXRhYmxlRGF0YaMdHyBWTlNEYXRhWE5TT2JqZWN00hscIiNcTlNEaWN0aW9uYXJ5oiIgXxAPTlNLZXllZEFyY2hpdmVy0SYnVHJvb3SAAQAIABEAGgAjAC0AMgA3AEAARgBNAFUAYABnAGoAbABuAHEAcwB1AHcAhACOAMMAyADQApACkgKXAqICqwK5Ar0CxALNAtIC3wLiAvQC9wL8AAAAAAAAAgEAAAAAAAAAKAAAAAAAAAAAAAAAAAAAAv4=}}

@electronic{RPI-Anal_Conf,
	Annote = {This webpage is a comprehensive analysis of the RPI.},
	Author = {Chris Thomas},
	Date-Added = {2013-12-20 20:14:43 +0000},
	Date-Modified = {2013-12-31 19:35:04 +0000},
	Lastchecked = {December 20},
	Title = {RPI: Effect of Conference Tournaments},
	Url = {https://sites.google.com/site/rpifordivisioniwomenssoccer/effect-of-conference-tournaments},
	Bdsk-Url-1 = {https://sites.google.com/site/rpifordivisioniwomenssoccer/Home},
	Bdsk-Url-2 = {https://sites.google.com/site/rpifordivisioniwomenssoccer/effect-of-conference-tournaments}}

@electronic{NCAA-RPI,
	Annote = {This webpage is where the NCAA describes the RPI and addresses many frequently asked questions about it.},
	Author = {NCAA},
	Date-Added = {2013-12-20 19:28:09 +0000},
	Date-Modified = {2013-12-31 19:34:01 +0000},
	Lastchecked = {December 20},
	Month = {October},
	Title = {Rating Percentage Index (RPI)},
	Url = {http://www.ncaa.org/wps/wcm/connect/public/NCAA/Championships/NCAA+Rating+Percentage+Index/},
	Urldate = {201},
	Year = {2012},
	Bdsk-Url-1 = {http://www.ncaa.org/wps/wcm/connect/public/NCAA/Championships/NCAA+Rating+Percentage+Index/}}

@electronic{WorldCupViews,
	Annote = {This webpage gives the statistic that 46.4% of the global population tuned in to watch the 2010 FIFA World Cup in South Africa.},
	Author = {FIFA},
	Date-Modified = {2013-12-31 19:34:29 +0000},
	Lastchecked = {December 20, 2013},
	Month = {July},
	Title = {Almost half the world tuned in at home to watch 2010 FIFA World Cup South Africa{\texttrademark}},
	Url = {http://www.fifa.com/worldcup/archive/southafrica2010/organisation/media/newsid=1473143/},
	Year = {2011},
	Bdsk-Url-1 = {http://www.fifa.com/worldcup/archive/southafrica2010/organisation/media/newsid=1473143/}}

@electronic{superbowl,
	Annote = {This webpage gives the statistic that 119.1 million Americans watched the 2013 Super Bowl between the Baltimore Ravens and the San Francisco 49ers.},
	Author = {Anthony Riccobono},
	Date-Modified = {2013-12-31 19:34:21 +0000},
	Lastchecked = {December 20},
	Month = {February},
	Title = {Super Bowl 2013: How Many People Watched The Baltimore Ravens Over The San Francisco 49ers?},
	Url = {http://www.ibtimes.com/super-bowl-2013-how-many-people-watched-baltimore-ravens-over-san-francisco-49ers-1060698},
	Year = {2013},
	Bdsk-Url-1 = {http://www.ibtimes.com/super-bowl-2013-how-many-people-watched-baltimore-ravens-over-san-francisco-49ers-1060698}}
