%% This BibTeX bibliography file was created using BibDesk.
%% http://bibdesk.sourceforge.net/


%% Created for Julian Griggs at 2014-05-06 13:52:53 -0400 


%% Saved with string encoding Unicode (UTF-8) 



@electronic{JGAAP,
	Author = {Patrick Juola and John Noecker and Michael Ryan and Patrick Brennan and Erin Purnell and Belinda Hasanaj and Elizabeth DeCarlo},
	Date-Added = {2014-05-06 14:55:29 +0000},
	Date-Modified = {2014-05-06 17:52:52 +0000},
	Howpublished = {Online},
	Organization = {Evaluating Variation in Language Laboratory},
	Title = {Java Graphical Authorship Attribution Program},
	Url = {http://evllabs.com/jgaap/w/index.php/Main_Page}}

@periodical{MWFunction,
	Author = {Frederick Mosteller and David Wallace},
	Date-Added = {2014-05-06 14:43:11 +0000},
	Date-Modified = {2014-05-06 14:47:12 +0000},
	Journal = {Journal of the American Statistical Association},
	Pages = {275-309},
	Title = {Inference in an Authorship Problem},
	Volume = {58},
	Year = {1963}}

@misc{twitter4j,
	Author = {Yusuke Yamamoto},
	Date-Added = {2014-03-24 14:58:36 +0000},
	Date-Modified = {2014-03-24 15:00:45 +0000},
	Howpublished = {Online},
	Title = {Twitter4J},
	Url = {http://twitter4j.org},
	Year = {2007},
	Bdsk-Url-1 = {http://twitter4j.org}}

@inproceedings{DBLP:conf/coling/Gamon04,
	Author = {Michael Gamon},
	Bibsource = {DBLP, http://dblp.uni-trier.de},
	Booktitle = {COLING},
	Crossref = {DBLP:conf/coling/2004},
	Date-Added = {2014-03-20 19:39:04 +0000},
	Date-Modified = {2014-03-20 19:39:04 +0000},
	Ee = {http://www.aclweb.org/anthology/C04-1088},
	Title = {Linguistic correlates of style: authorship classification with deep linguistic analysis features},
	Year = {2004},
	Bdsk-File-1 = {YnBsaXN0MDDUAQIDBAUGJCVYJHZlcnNpb25YJG9iamVjdHNZJGFyY2hpdmVyVCR0b3ASAAGGoKgHCBMUFRYaIVUkbnVsbNMJCgsMDxJXTlMua2V5c1pOUy5vYmplY3RzViRjbGFzc6INDoACgAOiEBGABIAFgAdccmVsYXRpdmVQYXRoWWFsaWFzRGF0YV8QLC4uLy4uLy4uL0Rvd25sb2Fkcy9TeW50YWN0aWMtbm90LWFzLWdvb2QucGRm0hcLGBlXTlMuZGF0YU8RAa4AAAAAAa4AAgAADE1hY2ludG9zaCBIRAAAAAAAAAAAAAAAAAAAAMm3i1VIKwAAAAhsRhlTeW50YWN0aWMtbm90LWFzLWdvb2QucGRmAAAAAAAAAAAAAAAAAAAAAAAAAAAAAAAAAAAAAAAAAAAAAAAAAAABKGu8z1C7yAAAAAAAAAAAAAMAAgAACSAAAAAAAAAAAAAAAAAAAAAJRG93bmxvYWRzAAAQAAgAAMm3w5UAAAARAAgAAM9Q9AgAAAABAAwACGxGAAhrZAAAmDoAAgBBTWFjaW50b3NoIEhEOlVzZXJzOgBKR3JpZ2dzOgBEb3dubG9hZHM6AFN5bnRhY3RpYy1ub3QtYXMtZ29vZC5wZGYAAA4ANAAZAFMAeQBuAHQAYQBjAHQAaQBjAC0AbgBvAHQALQBhAHMALQBnAG8AbwBkAC4AcABkAGYADwAaAAwATQBhAGMAaQBuAHQAbwBzAGgAIABIAEQAEgAxVXNlcnMvSkdyaWdncy9Eb3dubG9hZHMvU3ludGFjdGljLW5vdC1hcy1nb29kLnBkZgAAEwABLwAAFQACAA7//wAAgAbSGxwdHlokY2xhc3NuYW1lWCRjbGFzc2VzXU5TTXV0YWJsZURhdGGjHR8gVk5TRGF0YVhOU09iamVjdNIbHCIjXE5TRGljdGlvbmFyeaIiIF8QD05TS2V5ZWRBcmNoaXZlctEmJ1Ryb290gAEACAARABoAIwAtADIANwBAAEYATQBVAGAAZwBqAGwAbgBxAHMAdQB3AIQAjgC9AMIAygJ8An4CgwKOApcCpQKpArACuQK+AssCzgLgAuMC6AAAAAAAAAIBAAAAAAAAACgAAAAAAAAAAAAAAAAAAALq}}

@inproceedings{Syntactic-authorship,
	Author = {E. Stamatatos and N. Fakotakis and G. Kokkinakis},
	Booktitle = {Computers and the Humanities},
	Date-Added = {2014-03-20 19:19:36 +0000},
	Date-Modified = {2014-03-20 19:20:24 +0000},
	Pages = {193--214},
	Title = {Computer-based Authorship Attribution without Lexical Measures},
	Year = {2001},
	Bdsk-File-1 = {YnBsaXN0MDDUAQIDBAUGJCVYJHZlcnNpb25YJG9iamVjdHNZJGFyY2hpdmVyVCR0b3ASAAGGoKgHCBMUFRYaIVUkbnVsbNMJCgsMDxJXTlMua2V5c1pOUy5vYmplY3RzViRjbGFzc6INDoACgAOiEBGABIAFgAdccmVsYXRpdmVQYXRoWWFsaWFzRGF0YV8QKi4uLy4uLy4uL0Rvd25sb2Fkcy9TdGFtYXRvc19TeW50YWN0aWMgLnBkZtIXCxgZV05TLmRhdGFPEQGmAAAAAAGmAAIAAAxNYWNpbnRvc2ggSEQAAAAAAAAAAAAAAAAAAADJt4tVSCsAAAAIbEYXU3RhbWF0b3NfU3ludGFjdGljIC5wZGYAAAAAAAAAAAAAAAAAAAAAAAAAAAAAAAAAAAAAAAAAAAAAAAAAAAAAASgc4s9Qt6EAAAAAAAAAAAADAAIAAAkgAAAAAAAAAAAAAAAAAAAACURvd25sb2FkcwAAEAAIAADJt8OVAAAAEQAIAADPUO/hAAAAAQAMAAhsRgAIa2QAAJg6AAIAP01hY2ludG9zaCBIRDpVc2VyczoASkdyaWdnczoARG93bmxvYWRzOgBTdGFtYXRvc19TeW50YWN0aWMgLnBkZgAADgAwABcAUwB0AGEAbQBhAHQAbwBzAF8AUwB5AG4AdABhAGMAdABpAGMAIAAuAHAAZABmAA8AGgAMAE0AYQBjAGkAbgB0AG8AcwBoACAASABEABIAL1VzZXJzL0pHcmlnZ3MvRG93bmxvYWRzL1N0YW1hdG9zX1N5bnRhY3RpYyAucGRmAAATAAEvAAAVAAIADv//AACABtIbHB0eWiRjbGFzc25hbWVYJGNsYXNzZXNdTlNNdXRhYmxlRGF0YaMdHyBWTlNEYXRhWE5TT2JqZWN00hscIiNcTlNEaWN0aW9uYXJ5oiIgXxAPTlNLZXllZEFyY2hpdmVy0SYnVHJvb3SAAQAIABEAGgAjAC0AMgA3AEAARgBNAFUAYABnAGoAbABuAHEAcwB1AHcAhACOALsAwADIAnICdAJ5AoQCjQKbAp8CpgKvArQCwQLEAtYC2QLeAAAAAAAAAgEAAAAAAAAAKAAAAAAAAAAAAAAAAAAAAuA=}}

@inproceedings{Argamon05measuringthe,
	Author = {Shlomo Argamon and Shlomo Levitan},
	Booktitle = {In Proceedings of the 2005 ACH/ALLC Conference},
	Date-Added = {2014-03-20 01:52:47 +0000},
	Date-Modified = {2014-03-20 01:52:47 +0000},
	Title = {Measuring the usefulness of function words for authorship attribution},
	Year = {2005},
	Bdsk-File-1 = {YnBsaXN0MDDUAQIDBAUGJCVYJHZlcnNpb25YJG9iamVjdHNZJGFyY2hpdmVyVCR0b3ASAAGGoKgHCBMUFRYaIVUkbnVsbNMJCgsMDxJXTlMua2V5c1pOUy5vYmplY3RzViRjbGFzc6INDoACgAOiEBGABIAFgAdccmVsYXRpdmVQYXRoWWFsaWFzRGF0YV8QJC4uLy4uLy4uL0Rvd25sb2Fkcy9mdW5jdGlvbndvcmRzLnBkZtIXCxgZV05TLmRhdGFPEQGOAAAAAAGOAAIAAAxNYWNpbnRvc2ggSEQAAAAAAAAAAAAAAAAAAADJt4tVSCsAAAAIbEYRZnVuY3Rpb253b3Jkcy5wZGYAAAAAAAAAAAAAAAAAAAAAAAAAAAAAAAAAAAAAAAAAAAAAAAAAAAAAAAAAAAAAASfJes9PwjsAAAAAAAAAAAADAAIAAAkgAAAAAAAAAAAAAAAAAAAACURvd25sb2FkcwAAEAAIAADJt8OVAAAAEQAIAADPT/p7AAAAAQAMAAhsRgAIa2QAAJg6AAIAOU1hY2ludG9zaCBIRDpVc2VyczoASkdyaWdnczoARG93bmxvYWRzOgBmdW5jdGlvbndvcmRzLnBkZgAADgAkABEAZgB1AG4AYwB0AGkAbwBuAHcAbwByAGQAcwAuAHAAZABmAA8AGgAMAE0AYQBjAGkAbgB0AG8AcwBoACAASABEABIAKVVzZXJzL0pHcmlnZ3MvRG93bmxvYWRzL2Z1bmN0aW9ud29yZHMucGRmAAATAAEvAAAVAAIADv//AACABtIbHB0eWiRjbGFzc25hbWVYJGNsYXNzZXNdTlNNdXRhYmxlRGF0YaMdHyBWTlNEYXRhWE5TT2JqZWN00hscIiNcTlNEaWN0aW9uYXJ5oiIgXxAPTlNLZXllZEFyY2hpdmVy0SYnVHJvb3SAAQAIABEAGgAjAC0AMgA3AEAARgBNAFUAYABnAGoAbABuAHEAcwB1AHcAhACOALUAugDCAlQCVgJbAmYCbwJ9AoECiAKRApYCowKmArgCuwLAAAAAAAAAAgEAAAAAAAAAKAAAAAAAAAAAAAAAAAAAAsI=}}

@inproceedings{performance_of_features,
	Abstract = {Authorship attribution is the process of determining the writer of a document. In literature, there are lots of classification techniques conducted in this process. In this paper we explore information retrieval methods such as tf-Idf structure with support vector machines, parametric and nonparametric methods with supervised and unsupervised (clustering) classification techniques in authorship attribution. We performed various experiments with articles gathered from Turkish newspaper Milliyet. We performed experiments on different features extracted from these texts with different classifiers, and combined these results to improve our success rates. We identified which classifiers give satisfactory results on which feature sets. According to experiments, the success rates dramatically changes with different combinations, however the best among them are support vector classifier with bag of words, and Gaussian with function words.},
	Author = {Bozkurt, I.N. and Baghoglu, O. and Uyar, E.},
	Booktitle = {Computer and information sciences, 2007. iscis 2007. 22nd international symposium on},
	Date-Added = {2014-03-20 01:17:43 +0000},
	Date-Modified = {2014-03-20 01:18:48 +0000},
	Doi = {10.1109/ISCIS.2007.4456854},
	Keywords = {feature extraction;information retrieval;pattern classification;pattern clustering;support vector machines;text analysis;authorship attribution;clustering technique;document writer determination;feature extraction;information retrieval method;nonparametric method;support vector machine;text classification;unsupervised classification technique;Computer science;Data mining;Feature extraction;Information retrieval;Internet;Plagiarism;Support vector machine classification;Support vector machines;Text categorization;Writing;Authorship attribution;classifier feature reationship;feature reduction;parametric nonparametric classifiers;text categorization},
	Month = {Nov},
	Pages = {1-5},
	Title = {Authorship attribution},
	Year = {2007},
	Bdsk-File-1 = {YnBsaXN0MDDUAQIDBAUGJCVYJHZlcnNpb25YJG9iamVjdHNZJGFyY2hpdmVyVCR0b3ASAAGGoKgHCBMUFRYaIVUkbnVsbNMJCgsMDxJXTlMua2V5c1pOUy5vYmplY3RzViRjbGFzc6INDoACgAOiEBGABIAFgAdccmVsYXRpdmVQYXRoWWFsaWFzRGF0YV8QHS4uLy4uLy4uL0Rvd25sb2Fkcy9pc2NzMDcucGRm0hcLGBlXTlMuZGF0YU8RAXAAAAAAAXAAAgAADE1hY2ludG9zaCBIRAAAAAAAAAAAAAAAAAAAAMm3i1VIKwAAAAhsRgppc2NzMDcucGRmAAAAAAAAAAAAAAAAAAAAAAAAAAAAAAAAAAAAAAAAAAAAAAAAAAAAAAAAAAAAAAAAAAAAAAABJ7/Xz0+6DAAAAAAAAAAAAAMAAgAACSAAAAAAAAAAAAAAAAAAAAAJRG93bmxvYWRzAAAQAAgAAMm3w5UAAAARAAgAAM9P8kwAAAABAAwACGxGAAhrZAAAmDoAAgAyTWFjaW50b3NoIEhEOlVzZXJzOgBKR3JpZ2dzOgBEb3dubG9hZHM6AGlzY3MwNy5wZGYADgAWAAoAaQBzAGMAcwAwADcALgBwAGQAZgAPABoADABNAGEAYwBpAG4AdABvAHMAaAAgAEgARAASACJVc2Vycy9KR3JpZ2dzL0Rvd25sb2Fkcy9pc2NzMDcucGRmABMAAS8AABUAAgAO//8AAIAG0hscHR5aJGNsYXNzbmFtZVgkY2xhc3Nlc11OU011dGFibGVEYXRhox0fIFZOU0RhdGFYTlNPYmplY3TSGxwiI1xOU0RpY3Rpb25hcnmiIiBfEA9OU0tleWVkQXJjaGl2ZXLRJidUcm9vdIABAAgAEQAaACMALQAyADcAQABGAE0AVQBgAGcAagBsAG4AcQBzAHUAdwCEAI4ArgCzALsCLwIxAjYCQQJKAlgCXAJjAmwCcQJ+AoECkwKWApsAAAAAAAACAQAAAAAAAAAoAAAAAAAAAAAAAAAAAAACnQ==},
	Bdsk-Url-1 = {http://dx.doi.org/10.1109/ISCIS.2007.4456854}}

@unpublished{content-word,
	Author = {Erik Goldman and Abel Allison},
	Date-Added = {2014-03-20 01:08:51 +0000},
	Date-Modified = {2014-03-20 01:11:24 +0000},
	Title = {Using Grammatical Markov Models for Stylometric Analysis},
	Url = {http://nlp.stanford.edu/courses/cs224n/2008/reports/17.pdf},
	Bdsk-File-1 = {YnBsaXN0MDDUAQIDBAUGJCVYJHZlcnNpb25YJG9iamVjdHNZJGFyY2hpdmVyVCR0b3ASAAGGoKgHCBMUFRYaIVUkbnVsbNMJCgsMDxJXTlMua2V5c1pOUy5vYmplY3RzViRjbGFzc6INDoACgAOiEBGABIAFgAdccmVsYXRpdmVQYXRoWWFsaWFzRGF0YV8QIi4uLy4uLy4uL0Rvd25sb2Fkcy9jb250ZW50d29yZC5wZGbSFwsYGVdOUy5kYXRhTxEBhgAAAAABhgACAAAMTWFjaW50b3NoIEhEAAAAAAAAAAAAAAAAAAAAybeLVUgrAAAACGxGD2NvbnRlbnR3b3JkLnBkZgAAAAAAAAAAAAAAAAAAAAAAAAAAAAAAAAAAAAAAAAAAAAAAAAAAAAAAAAAAAAAAAAEnqkbPT7hqAAAAAAAAAAAAAwACAAAJIAAAAAAAAAAAAAAAAAAAAAlEb3dubG9hZHMAABAACAAAybfDlQAAABEACAAAz0/wqgAAAAEADAAIbEYACGtkAACYOgACADdNYWNpbnRvc2ggSEQ6VXNlcnM6AEpHcmlnZ3M6AERvd25sb2FkczoAY29udGVudHdvcmQucGRmAAAOACAADwBjAG8AbgB0AGUAbgB0AHcAbwByAGQALgBwAGQAZgAPABoADABNAGEAYwBpAG4AdABvAHMAaAAgAEgARAASACdVc2Vycy9KR3JpZ2dzL0Rvd25sb2Fkcy9jb250ZW50d29yZC5wZGYAABMAAS8AABUAAgAO//8AAIAG0hscHR5aJGNsYXNzbmFtZVgkY2xhc3Nlc11OU011dGFibGVEYXRhox0fIFZOU0RhdGFYTlNPYmplY3TSGxwiI1xOU0RpY3Rpb25hcnmiIiBfEA9OU0tleWVkQXJjaGl2ZXLRJidUcm9vdIABAAgAEQAaACMALQAyADcAQABGAE0AVQBgAGcAagBsAG4AcQBzAHUAdwCEAI4AswC4AMACSgJMAlECXAJlAnMCdwJ+AocCjAKZApwCrgKxArYAAAAAAAACAQAAAAAAAAAoAAAAAAAAAAAAAAAAAAACuA==},
	Bdsk-Url-1 = {http://nlp.stanford.edu/courses/cs224n/2008/reports/17.pdf}}

@inproceedings{Twasn-Me,
	Abstract = {In this paper we propose a set of stylistic markers for automatically attributing authorship to micro-blogging messages. The proposed markers include highly personal and idiosyncratic editing options, such as 'emoticons', interjections, punctuation, abbreviations and other low-level features. We evaluate the ability of these features to help discriminate the authorship of Twitter messages among three authors. For that purpose, we train SVM classifiers to learn stylometric models for each author based on different combinations of the groups of stylistic features that we propose. Results show a relatively good-performance in attributing authorship of micro-blogging messages (F = 0.63) using this set of features, even when training the classifiers with as few as 60 examples from each author (F = 0.54). Additionally, we conclude that emoticons are the most discriminating features in these groups.},
	Acmid = {2026029},
	Address = {Berlin, Heidelberg},
	Author = {Silva, Rui Sousa and Laboreiro, Gustavo and Sarmento, Lu\'{\i}s and Grant, Tim and Oliveira, Eug{\'e}nio and Maia, Belinda},
	Booktitle = {Proceedings of the 16th International Conference on Natural Language Processing and Information Systems},
	Date-Added = {2014-03-20 00:37:57 +0000},
	Date-Modified = {2014-03-20 04:02:24 +0000},
	Isbn = {978-3-642-22326-6},
	Location = {Alicante, Spain},
	Numpages = {8},
	Pages = {161--168},
	Publisher = {Springer-Verlag},
	Series = {NLDB'11},
	Title = {\&\#8216;Twazn Me!!! ;(\&\#8217; Automatic Authorship Analysis of Micro-blogging Messages},
	Url = {http://dl.acm.org/citation.cfm?id=2026011.2026029},
	Year = {2011},
	Bdsk-File-1 = {YnBsaXN0MDDUAQIDBAUGJCVYJHZlcnNpb25YJG9iamVjdHNZJGFyY2hpdmVyVCR0b3ASAAGGoKgHCBMUFRYaIVUkbnVsbNMJCgsMDxJXTlMua2V5c1pOUy5vYmplY3RzViRjbGFzc6INDoACgAOiEBGABIAFgAdccmVsYXRpdmVQYXRoWWFsaWFzRGF0YV8QNy4uLy4uLy4uL0Rvd25sb2Fkcy9PQzM1X3R3YXpubWVfUlNTX0dMX0xTX1RHX0VDT19CTS5wZGbSFwsYGVdOUy5kYXRhTxEB1AAAAAAB1AACAAAMTWFjaW50b3NoIEhEAAAAAAAAAAAAAAAAAAAAybeLVUgrAAAACGxGH09DMzVfdHdhem5tZV9SU1NfR0wjMTI3ODdCRi5wZGYAAAAAAAAAAAAAAAAAAAAAAAAAAAAAAAAAAAAAAAAAAAEnh7/PT7DnAAAAAAAAAAAAAwACAAAJIAAAAAAAAAAAAAAAAAAAAAlEb3dubG9hZHMAABAACAAAybfDlQAAABEACAAAz0/pJwAAAAEADAAIbEYACGtkAACYOgACAEdNYWNpbnRvc2ggSEQ6VXNlcnM6AEpHcmlnZ3M6AERvd25sb2FkczoAT0MzNV90d2F6bm1lX1JTU19HTCMxMjc4N0JGLnBkZgAADgBKACQATwBDADMANQBfAHQAdwBhAHoAbgBtAGUAXwBSAFMAUwBfAEcATABfAEwAUwBfAFQARwBfAEUAQwBPAF8AQgBNAC4AcABkAGYADwAaAAwATQBhAGMAaQBuAHQAbwBzAGgAIABIAEQAEgA8VXNlcnMvSkdyaWdncy9Eb3dubG9hZHMvT0MzNV90d2F6bm1lX1JTU19HTF9MU19UR19FQ09fQk0ucGRmABMAAS8AABUAAgAO//8AAIAG0hscHR5aJGNsYXNzbmFtZVgkY2xhc3Nlc11OU011dGFibGVEYXRhox0fIFZOU0RhdGFYTlNPYmplY3TSGxwiI1xOU0RpY3Rpb25hcnmiIiBfEA9OU0tleWVkQXJjaGl2ZXLRJidUcm9vdIABAAgAEQAaACMALQAyADcAQABGAE0AVQBgAGcAagBsAG4AcQBzAHUAdwCEAI4AyADNANUCrQKvArQCvwLIAtYC2gLhAuoC7wL8Av8DEQMUAxkAAAAAAAACAQAAAAAAAAAoAAAAAAAAAAAAAAAAAAADGw==},
	Bdsk-Url-1 = {http://dl.acm.org/citation.cfm?id=2026011.2026029}}

@inproceedings{whose-tweet,
	Address = {Birmingham, UK},
	Author = {N. Macleod, T. Grant},
	Booktitle = {Electronic Proceedings of the International Association of Forensic Linguists},
	Date-Added = {2014-03-20 00:03:08 +0000},
	Date-Modified = {2014-03-20 00:07:38 +0000},
	Month = {July},
	Organization = {Aston University},
	Title = {Whose tweet?: authorship analysis of micro-blogs and other short form messages},
	Volume = {10th Biennial Conference},
	Year = {2011},
	Bdsk-File-1 = {YnBsaXN0MDDUAQIDBAUGJCVYJHZlcnNpb25YJG9iamVjdHNZJGFyY2hpdmVyVCR0b3ASAAGGoKgHCBMUFRYaIVUkbnVsbNMJCgsMDxJXTlMua2V5c1pOUy5vYmplY3RzViRjbGFzc6INDoACgAOiEBGABIAFgAdccmVsYXRpdmVQYXRoWWFsaWFzRGF0YV8QVy4uLy4uLy4uL0Rvd25sb2Fkcy9BdXRob3JzaGlwX2FuYWx5c2lzX29mX21pY3JvX2Jsb2dzX2FuZF9vdGhlcl9zaG9ydF9mb3JtX21lc3NhZ2VzLnBkZtIXCxgZV05TLmRhdGFPEQI0AAAAAAI0AAIAAAxNYWNpbnRvc2ggSEQAAAAAAAAAAAAAAAAAAADJt4tVSCsAAAAIbEYfQXV0aG9yc2hpcF9hbmFseXNpcyMxMjc1N0RBLnBkZgAAAAAAAAAAAAAAAAAAAAAAAAAAAAAAAAAAAAAAAAAAASdX2s9PqV8AAAAAAAAAAAADAAIAAAkgAAAAAAAAAAAAAAAAAAAACURvd25sb2FkcwAAEAAIAADJt8OVAAAAEQAIAADPT+GfAAAAAQAMAAhsRgAIa2QAAJg6AAIAR01hY2ludG9zaCBIRDpVc2VyczoASkdyaWdnczoARG93bmxvYWRzOgBBdXRob3JzaGlwX2FuYWx5c2lzIzEyNzU3REEucGRmAAAOAIoARABBAHUAdABoAG8AcgBzAGgAaQBwAF8AYQBuAGEAbAB5AHMAaQBzAF8AbwBmAF8AbQBpAGMAcgBvAF8AYgBsAG8AZwBzAF8AYQBuAGQAXwBvAHQAaABlAHIAXwBzAGgAbwByAHQAXwBmAG8AcgBtAF8AbQBlAHMAcwBhAGcAZQBzAC4AcABkAGYADwAaAAwATQBhAGMAaQBuAHQAbwBzAGgAIABIAEQAEgBcVXNlcnMvSkdyaWdncy9Eb3dubG9hZHMvQXV0aG9yc2hpcF9hbmFseXNpc19vZl9taWNyb19ibG9nc19hbmRfb3RoZXJfc2hvcnRfZm9ybV9tZXNzYWdlcy5wZGYAEwABLwAAFQACAA7//wAAgAbSGxwdHlokY2xhc3NuYW1lWCRjbGFzc2VzXU5TTXV0YWJsZURhdGGjHR8gVk5TRGF0YVhOU09iamVjdNIbHCIjXE5TRGljdGlvbmFyeaIiIF8QD05TS2V5ZWRBcmNoaXZlctEmJ1Ryb290gAEACAARABoAIwAtADIANwBAAEYATQBVAGAAZwBqAGwAbgBxAHMAdQB3AIQAjgDoAO0A9QMtAy8DNAM/A0gDVgNaA2EDagNvA3wDfwORA5QDmQAAAAAAAAIBAAAAAAAAACgAAAAAAAAAAAAAAAAAAAOb}}

@inproceedings{feasibility,
	Address = {White Plains, NY 10606},
	Author = {Gregory Shalhoub, Robin Simon, Ramesh Iyer, Jayendra Tailor, Dr. Sandra Westcott Gregory Shalhoub, Robin Simon, Ramesh Iyer, Jayendra Tailor, Dr. Sandra Westcott Gregory Shalhoub, Robin Simon, Ramesh Iyer, Jayendra Tailor, Dr. Sandra Westcott},
	Booktitle = {Proceedings of Student-Faculty Research Day},
	Date-Added = {2014-03-19 21:15:12 +0000},
	Date-Modified = {2014-03-19 21:20:20 +0000},
	Month = {May},
	Organization = {Seidenberg School of CSIS, Pace University},
	Title = {Stylometry System - Use Cases and Feasibility Study},
	Year = {2010},
	Bdsk-File-1 = {YnBsaXN0MDDUAQIDBAUGJCVYJHZlcnNpb25YJG9iamVjdHNZJGFyY2hpdmVyVCR0b3ASAAGGoKgHCBMUFRYaIVUkbnVsbNMJCgsMDxJXTlMua2V5c1pOUy5vYmplY3RzViRjbGFzc6INDoACgAOiEBGABIAFgAdccmVsYXRpdmVQYXRoWWFsaWFzRGF0YV8QHy4uLy4uLy4uLy5UcmFzaC9mZWFzaWJpbGl0eS5wZGbSFwsYGVdOUy5kYXRhTxEBegAAAAABegACAAAMTWFjaW50b3NoIEhEAAAAAAAAAAAAAAAAAAAAybeLVUgrAAAAz2FZD2ZlYXNpYmlsaXR5LnBkZgAAAAAAAAAAAAAAAAAAAAAAAAAAAAAAAAAAAAAAAAAAAAAAAAAAAAAAAAAAAAAAAAEnKg3PT4JaAAAAAAAAAAAAAwACAAAJIAAAAAAAAAAAAAAAAAAAAAYuVHJhc2gAEAAIAADJt8OVAAAAEQAIAADPT7qaAAAAAQAMAM9hWQAIa2QAAJg6AAIANE1hY2ludG9zaCBIRDpVc2VyczoASkdyaWdnczoALlRyYXNoOgBmZWFzaWJpbGl0eS5wZGYADgAgAA8AZgBlAGEAcwBpAGIAaQBsAGkAdAB5AC4AcABkAGYADwAaAAwATQBhAGMAaQBuAHQAbwBzAGgAIABIAEQAEgAkVXNlcnMvSkdyaWdncy8uVHJhc2gvZmVhc2liaWxpdHkucGRmABMAAS8AABUAAgAO//8AAIAG0hscHR5aJGNsYXNzbmFtZVgkY2xhc3Nlc11OU011dGFibGVEYXRhox0fIFZOU0RhdGFYTlNPYmplY3TSGxwiI1xOU0RpY3Rpb25hcnmiIiBfEA9OU0tleWVkQXJjaGl2ZXLRJidUcm9vdIABAAgAEQAaACMALQAyADcAQABGAE0AVQBgAGcAagBsAG4AcQBzAHUAdwCEAI4AsAC1AL0COwI9AkICTQJWAmQCaAJvAngCfQKKAo0CnwKiAqcAAAAAAAACAQAAAAAAAAAoAAAAAAAAAAAAAAAAAAACqQ==}}

@inproceedings{schwartz-EtAl:2013:EMNLP,
	Address = {Seattle, Washington, USA},
	Author = {Schwartz, Roy and Tsur, Oren and Rappoport, Ari and Koppel, Moshe},
	Booktitle = {Proceedings of the 2013 Conference on Empirical Methods in Natural Language Processing},
	Date-Added = {2014-03-19 21:13:33 +0000},
	Date-Modified = {2014-03-19 21:13:33 +0000},
	Month = {October},
	Pages = {1880--1891},
	Publisher = {Association for Computational Linguistics},
	Title = {Authorship Attribution of Micro-Messages},
	Url = {http://www.aclweb.org/anthology/D13-1193},
	Year = {2013},
	Bdsk-File-1 = {YnBsaXN0MDDUAQIDBAUGJCVYJHZlcnNpb25YJG9iamVjdHNZJGFyY2hpdmVyVCR0b3ASAAGGoKgHCBMUFRYaIVUkbnVsbNMJCgsMDxJXTlMua2V5c1pOUy5vYmplY3RzViRjbGFzc6INDoACgAOiEBGABIAFgAdccmVsYXRpdmVQYXRoWWFsaWFzRGF0YV8QLS4uLy4uLy4uLy5UcmFzaC90d2l0dGVyX2F1dGhvcnNoaXBfZW1ubHAyLnBkZtIXCxgZV05TLmRhdGFPEQGyAAAAAAGyAAIAAAxNYWNpbnRvc2ggSEQAAAAAAAAAAAAAAAAAAADJt4tVSCsAAADPYVkddHdpdHRlcl9hdXRob3JzaGlwX2VtbmxwMi5wZGYAAAAAAAAAAAAAAAAAAAAAAAAAAAAAAAAAAAAAAAAAAAAAAScjJ89PgKUAAAAAAAAAAAADAAIAAAkgAAAAAAAAAAAAAAAAAAAABi5UcmFzaAAQAAgAAMm3w5UAAAARAAgAAM9PuOUAAAABAAwAz2FZAAhrZAAAmDoAAgBCTWFjaW50b3NoIEhEOlVzZXJzOgBKR3JpZ2dzOgAuVHJhc2g6AHR3aXR0ZXJfYXV0aG9yc2hpcF9lbW5scDIucGRmAA4APAAdAHQAdwBpAHQAdABlAHIAXwBhAHUAdABoAG8AcgBzAGgAaQBwAF8AZQBtAG4AbABwADIALgBwAGQAZgAPABoADABNAGEAYwBpAG4AdABvAHMAaAAgAEgARAASADJVc2Vycy9KR3JpZ2dzLy5UcmFzaC90d2l0dGVyX2F1dGhvcnNoaXBfZW1ubHAyLnBkZgATAAEvAAAVAAIADv//AACABtIbHB0eWiRjbGFzc25hbWVYJGNsYXNzZXNdTlNNdXRhYmxlRGF0YaMdHyBWTlNEYXRhWE5TT2JqZWN00hscIiNcTlNEaWN0aW9uYXJ5oiIgXxAPTlNLZXllZEFyY2hpdmVy0SYnVHJvb3SAAQAIABEAGgAjAC0AMgA3AEAARgBNAFUAYABnAGoAbABuAHEAcwB1AHcAhACOAL4AwwDLAoECgwKIApMCnAKqAq4CtQK+AsMC0ALTAuUC6ALtAAAAAAAAAgEAAAAAAAAAKAAAAAAAAAAAAAAAAAAAAu8=},
	Bdsk-Url-1 = {http://www.aclweb.org/anthology/D13-1193}}

@paper{Greek-paper,
	Abstract = {The aim of this study is to explore authorship attribution methods in Greek tweets. We have developed the first Modern Greek Twitter corpus (GTC) consisted of 12,973 tweets crawled from 10 Greek popular users. We used this corpus in order to study the effectiveness of a specific document representation called Author's Multilevel N-gram Profile (AMNP) and the impact of different methods on training data construction for the task of authorship attribution. In order to address the above research questions we used GTC to create 4 different datasets which contained merged tweets in texts of different sizes (100, 75, 50 and 25 words). Results were evaluated using authorship attribution accuracy both in 10-fold cross-validation and in an external test set compiled from actual tweets. AMNP representation achieved significant better accuracies than single feature groups across all text sizes.},
	Author = {George Mikros and Kostas Perifanos},
	Conference = {AAAI Spring Symposium Series},
	Date-Added = {2014-03-19 21:10:34 +0000},
	Date-Modified = {2014-03-19 21:11:06 +0000},
	Keywords = {Authorship Attribution; Machine Learning; Microtext; Twitter; N-grams},
	Title = {Authorship Attribution in Greek Tweets Using Author's Multilevel N-Gram Profiles},
	Url = {http://www.aaai.org/ocs/index.php/SSS/SSS13/paper/view/5714},
	Year = {2013},
	Bdsk-File-1 = {YnBsaXN0MDDUAQIDBAUGJCVYJHZlcnNpb25YJG9iamVjdHNZJGFyY2hpdmVyVCR0b3ASAAGGoKgHCBMUFRYaIVUkbnVsbNMJCgsMDxJXTlMua2V5c1pOUy5vYmplY3RzViRjbGFzc6INDoACgAOiEBGABIAFgAdccmVsYXRpdmVQYXRoWWFsaWFzRGF0YV8QJi4uLy4uLy4uL0Rvd25sb2Fkcy81NzE0LTI0NDgzLTEtUEIucGRm0hcLGBlXTlMuZGF0YU8RAZYAAAAAAZYAAgAADE1hY2ludG9zaCBIRAAAAAAAAAAAAAAAAAAAAMm3i1VIKwAAAAhsRhM1NzE0LTI0NDgzLTEtUEIucGRmAAAAAAAAAAAAAAAAAAAAAAAAAAAAAAAAAAAAAAAAAAAAAAAAAAAAAAAAAAABJwLZz09+lwAAAAAAAAAAAAMAAgAACSAAAAAAAAAAAAAAAAAAAAAJRG93bmxvYWRzAAAQAAgAAMm3w5UAAAARAAgAAM9PttcAAAABAAwACGxGAAhrZAAAmDoAAgA7TWFjaW50b3NoIEhEOlVzZXJzOgBKR3JpZ2dzOgBEb3dubG9hZHM6ADU3MTQtMjQ0ODMtMS1QQi5wZGYAAA4AKAATADUANwAxADQALQAyADQANAA4ADMALQAxAC0AUABCAC4AcABkAGYADwAaAAwATQBhAGMAaQBuAHQAbwBzAGgAIABIAEQAEgArVXNlcnMvSkdyaWdncy9Eb3dubG9hZHMvNTcxNC0yNDQ4My0xLVBCLnBkZgAAEwABLwAAFQACAA7//wAAgAbSGxwdHlokY2xhc3NuYW1lWCRjbGFzc2VzXU5TTXV0YWJsZURhdGGjHR8gVk5TRGF0YVhOU09iamVjdNIbHCIjXE5TRGljdGlvbmFyeaIiIF8QD05TS2V5ZWRBcmNoaXZlctEmJ1Ryb290gAEACAARABoAIwAtADIANwBAAEYATQBVAGAAZwBqAGwAbgBxAHMAdQB3AIQAjgC3ALwAxAJeAmACZQJwAnkChwKLApICmwKgAq0CsALCAsUCygAAAAAAAAIBAAAAAAAAACgAAAAAAAAAAAAAAAAAAALM},
	Bdsk-Url-1 = {http://www.aaai.org/ocs/index.php/SSS/SSS13/paper/view/5714}}

@article{survey,
	Acmid = {1527102},
	Address = {New York, NY, USA},
	Author = {Stamatatos, Efstathios},
	Date-Added = {2014-03-19 20:43:20 +0000},
	Date-Modified = {2014-03-20 00:32:09 +0000},
	Doi = {10.1002/asi.v60:3},
	Issn = {1532-2882},
	Issue_Date = {March 2009},
	Journal = {J. Am. Soc. Inf. Sci. Technol.},
	Keywords = {authorship, computer applications, information attribution, statistical methods, text processing},
	Month = mar,
	Number = {3},
	Numpages = {19},
	Pages = {538--556},
	Publisher = {John Wiley \& Sons, Inc.},
	Title = {A Survey of Modern Authorship Attribution Methods},
	Url = {http://dx.doi.org/10.1002/asi.v60:3},
	Volume = {60},
	Year = {2009},
	Bdsk-File-1 = {YnBsaXN0MDDUAQIDBAUGJCVYJHZlcnNpb25YJG9iamVjdHNZJGFyY2hpdmVyVCR0b3ASAAGGoKgHCBMUFRYaIVUkbnVsbNMJCgsMDxJXTlMua2V5c1pOUy5vYmplY3RzViRjbGFzc6INDoACgAOiEBGABIAFgAdccmVsYXRpdmVQYXRoWWFsaWFzRGF0YV8QMS4uLy4uLy4uLy5UcmFzaC9zdXJ2ZXlfYXV0aG9yc2hpcF9hdHRyaWJ1dGlvbi5wZGbSFwsYGVdOUy5kYXRhTxEBwAAAAAABwAACAAAMTWFjaW50b3NoIEhEAAAAAAAAAAAAAAAAAAAAybeLVUgrAAAAz2FZH3N1cnZleV9hdXRob3JzaGlwX2EjMTI2REEwMi5wZGYAAAAAAAAAAAAAAAAAAAAAAAAAAAAAAAAAAAAAAAAAAAEm2gLPT3nTAAAAAAAAAAAAAwACAAAJIAAAAAAAAAAAAAAAAAAAAAYuVHJhc2gAEAAIAADJt8OVAAAAEQAIAADPT7ITAAAAAQAMAM9hWQAIa2QAAJg6AAIARE1hY2ludG9zaCBIRDpVc2VyczoASkdyaWdnczoALlRyYXNoOgBzdXJ2ZXlfYXV0aG9yc2hpcF9hIzEyNkRBMDIucGRmAA4ARAAhAHMAdQByAHYAZQB5AF8AYQB1AHQAaABvAHIAcwBoAGkAcABfAGEAdAB0AHIAaQBiAHUAdABpAG8AbgAuAHAAZABmAA8AGgAMAE0AYQBjAGkAbgB0AG8AcwBoACAASABEABIANlVzZXJzL0pHcmlnZ3MvLlRyYXNoL3N1cnZleV9hdXRob3JzaGlwX2F0dHJpYnV0aW9uLnBkZgATAAEvAAAVAAIADv//AACABtIbHB0eWiRjbGFzc25hbWVYJGNsYXNzZXNdTlNNdXRhYmxlRGF0YaMdHyBWTlNEYXRhWE5TT2JqZWN00hscIiNcTlNEaWN0aW9uYXJ5oiIgXxAPTlNLZXllZEFyY2hpdmVy0SYnVHJvb3SAAQAIABEAGgAjAC0AMgA3AEAARgBNAFUAYABnAGoAbABuAHEAcwB1AHcAhACOAMIAxwDPApMClQKaAqUCrgK8AsACxwLQAtUC4gLlAvcC+gL/AAAAAAAAAgEAAAAAAAAAKAAAAAAAAAAAAAAAAAAAAwE=},
	Bdsk-Url-1 = {http://dx.doi.org/10.1002/asi.v60:3}}

@electronic{phishing,
	Author = {Pierluigi Paganini},
	Date-Added = {2014-03-17 19:44:30 +0000},
	Date-Modified = {2014-03-17 19:45:54 +0000},
	Title = {Phishing: A Very Dangerous Cyber Threat},
	Url = {http://resources.infosecinstitute.com/phishing-dangerous-cyber-threat/},
	Urldate = {December 13th, 2012},
	Bdsk-File-1 = {YnBsaXN0MDDUAQIDBAUGJCVYJHZlcnNpb25YJG9iamVjdHNZJGFyY2hpdmVyVCR0b3ASAAGGoKgHCBMUFRYaIVUkbnVsbNMJCgsMDxJXTlMua2V5c1pOUy5vYmplY3RzViRjbGFzc6INDoACgAOiEBGABIAFgAdccmVsYXRpdmVQYXRoWWFsaWFzRGF0YV8QHS4uLy4uLy4uLy5UcmFzaC9QaGlzaGluZy5odG1s0hcLGBlXTlMuZGF0YU8RAXIAAAAAAXIAAgAADE1hY2ludG9zaCBIRAAAAAAAAAAAAAAAAAAAAMm3i1VIKwAAAM9hWQ1QaGlzaGluZy5odG1sAAAAAAAAAAAAAAAAAAAAAAAAAAAAAAAAAAAAAAAAAAAAAAAAAAAAAAAAAAAAAAAAAAABJcfJz0zJIgAAAAAAAAAAAAMAAgAACSAAAAAAAAAAAAAAAAAAAAAGLlRyYXNoABAACAAAybfDlQAAABEACAAAz00BYgAAAAEADADPYVkACGtkAACYOgACADJNYWNpbnRvc2ggSEQ6VXNlcnM6AEpHcmlnZ3M6AC5UcmFzaDoAUGhpc2hpbmcuaHRtbAAOABwADQBQAGgAaQBzAGgAaQBuAGcALgBoAHQAbQBsAA8AGgAMAE0AYQBjAGkAbgB0AG8AcwBoACAASABEABIAIlVzZXJzL0pHcmlnZ3MvLlRyYXNoL1BoaXNoaW5nLmh0bWwAEwABLwAAFQACAA7//wAAgAbSGxwdHlokY2xhc3NuYW1lWCRjbGFzc2VzXU5TTXV0YWJsZURhdGGjHR8gVk5TRGF0YVhOU09iamVjdNIbHCIjXE5TRGljdGlvbmFyeaIiIF8QD05TS2V5ZWRBcmNoaXZlctEmJ1Ryb290gAEACAARABoAIwAtADIANwBAAEYATQBVAGAAZwBqAGwAbgBxAHMAdQB3AIQAjgCuALMAuwIxAjMCOAJDAkwCWgJeAmUCbgJzAoACgwKVApgCnQAAAAAAAAIBAAAAAAAAACgAAAAAAAAAAAAAAAAAAAKf},
	Bdsk-Url-1 = {http://resources.infosecinstitute.com/phishing-dangerous-cyber-threat/}}

@electronic{socialmedia-crime,
	Author = {Jihan Lee},
	Date-Added = {2014-03-17 19:39:40 +0000},
	Date-Modified = {2014-03-17 19:41:09 +0000},
	Title = {Social Media and Crime},
	Url = {http://socialmediatoday.com/1735466/social-media-and-crime},
	Urldate = {October 9, 2013},
	Bdsk-File-1 = {YnBsaXN0MDDUAQIDBAUGJCVYJHZlcnNpb25YJG9iamVjdHNZJGFyY2hpdmVyVCR0b3ASAAGGoKgHCBMUFRYaIVUkbnVsbNMJCgsMDxJXTlMua2V5c1pOUy5vYmplY3RzViRjbGFzc6INDoACgAOiEBGABIAFgAdccmVsYXRpdmVQYXRoWWFsaWFzRGF0YV8QKy4uLy4uLy4uLy5UcmFzaC9Tb2NpYWwgTWVkaWEgYW5kIENyaW1lLmh0bWzSFwsYGVdOUy5kYXRhTxEBqgAAAAABqgACAAAMTWFjaW50b3NoIEhEAAAAAAAAAAAAAAAAAAAAybeLVUgrAAAAz2FZG1NvY2lhbCBNZWRpYSBhbmQgQ3JpbWUuaHRtbAAAAAAAAAAAAAAAAAAAAAAAAAAAAAAAAAAAAAAAAAAAAAAAAAElvTLPTMgAAAAAAAAAAAAAAwACAAAJIAAAAAAAAAAAAAAAAAAAAAYuVHJhc2gAEAAIAADJt8OVAAAAEQAIAADPTQBAAAAAAQAMAM9hWQAIa2QAAJg6AAIAQE1hY2ludG9zaCBIRDpVc2VyczoASkdyaWdnczoALlRyYXNoOgBTb2NpYWwgTWVkaWEgYW5kIENyaW1lLmh0bWwADgA4ABsAUwBvAGMAaQBhAGwAIABNAGUAZABpAGEAIABhAG4AZAAgAEMAcgBpAG0AZQAuAGgAdABtAGwADwAaAAwATQBhAGMAaQBuAHQAbwBzAGgAIABIAEQAEgAwVXNlcnMvSkdyaWdncy8uVHJhc2gvU29jaWFsIE1lZGlhIGFuZCBDcmltZS5odG1sABMAAS8AABUAAgAO//8AAIAG0hscHR5aJGNsYXNzbmFtZVgkY2xhc3Nlc11OU011dGFibGVEYXRhox0fIFZOU0RhdGFYTlNPYmplY3TSGxwiI1xOU0RpY3Rpb25hcnmiIiBfEA9OU0tleWVkQXJjaGl2ZXLRJidUcm9vdIABAAgAEQAaACMALQAyADcAQABGAE0AVQBgAGcAagBsAG4AcQBzAHUAdwCEAI4AvADBAMkCdwJ5An4CiQKSAqACpAKrArQCuQLGAskC2wLeAuMAAAAAAAACAQAAAAAAAAAoAAAAAAAAAAAAAAAAAAAC5Q==},
	Bdsk-Url-1 = {http://socialmediatoday.com/1735466/social-media-and-crime}}

@electronic{Cyberbullying,
	Author = {StopBullying.gov},
	Date-Added = {2014-03-17 19:32:59 +0000},
	Date-Modified = {2014-03-17 19:35:14 +0000},
	Title = {What Is Cyberbullying},
	Url = {http://www.stopbullying.gov/cyberbullying/what-is-it/},
	Bdsk-File-1 = {YnBsaXN0MDDUAQIDBAUGJCVYJHZlcnNpb25YJG9iamVjdHNZJGFyY2hpdmVyVCR0b3ASAAGGoKgHCBMUFRYaIVUkbnVsbNMJCgsMDxJXTlMua2V5c1pOUy5vYmplY3RzViRjbGFzc6INDoACgAOiEBGABIAFgAdccmVsYXRpdmVQYXRoWWFsaWFzRGF0YV8QKi4uLy4uLy4uLy5UcmFzaC9XaGF0IGlzIEN5YmVyYnVsbHlpbmcuaHRtbNIXCxgZV05TLmRhdGFPEQGoAAAAAAGoAAIAAAxNYWNpbnRvc2ggSEQAAAAAAAAAAAAAAAAAAADJt4tVSCsAAADPYVkaV2hhdCBpcyBDeWJlcmJ1bGx5aW5nLmh0bWwAAAAAAAAAAAAAAAAAAAAAAAAAAAAAAAAAAAAAAAAAAAAAAAAAASW51s9MxpoAAAAAAAAAAAADAAIAAAkgAAAAAAAAAAAAAAAAAAAABi5UcmFzaAAQAAgAAMm3w5UAAAARAAgAAM9M/toAAAABAAwAz2FZAAhrZAAAmDoAAgA/TWFjaW50b3NoIEhEOlVzZXJzOgBKR3JpZ2dzOgAuVHJhc2g6AFdoYXQgaXMgQ3liZXJidWxseWluZy5odG1sAAAOADYAGgBXAGgAYQB0ACAAaQBzACAAQwB5AGIAZQByAGIAdQBsAGwAeQBpAG4AZwAuAGgAdABtAGwADwAaAAwATQBhAGMAaQBuAHQAbwBzAGgAIABIAEQAEgAvVXNlcnMvSkdyaWdncy8uVHJhc2gvV2hhdCBpcyBDeWJlcmJ1bGx5aW5nLmh0bWwAABMAAS8AABUAAgAO//8AAIAG0hscHR5aJGNsYXNzbmFtZVgkY2xhc3Nlc11OU011dGFibGVEYXRhox0fIFZOU0RhdGFYTlNPYmplY3TSGxwiI1xOU0RpY3Rpb25hcnmiIiBfEA9OU0tleWVkQXJjaGl2ZXLRJidUcm9vdIABAAgAEQAaACMALQAyADcAQABGAE0AVQBgAGcAagBsAG4AcQBzAHUAdwCEAI4AuwDAAMgCdAJ2AnsChgKPAp0CoQKoArECtgLDAsYC2ALbAuAAAAAAAAACAQAAAAAAAAAoAAAAAAAAAAAAAAAAAAAC4g==},
	Bdsk-Url-1 = {http://www.stopbullying.gov/cyberbullying/what-is-it/}}

@electronic{textingFreq,
	Author = {Sherna Noah},
	Date-Added = {2014-03-17 19:05:52 +0000},
	Date-Modified = {2014-03-17 19:07:40 +0000},
	Title = {Texting overtakes talking as most popular form of communication in UK Texting overtakes talking as most popular form of communication in UK Texting overtakes talking as most popular form of communication in UK},
	Url = {http://www.independent.co.uk/news/uk/home-news/texting-overtakes-talking-as-most-popular-form-of-communication-in-uk-7956016.html},
	Urldate = {July 18, 2012},
	Bdsk-File-1 = {YnBsaXN0MDDUAQIDBAUGJCVYJHZlcnNpb25YJG9iamVjdHNZJGFyY2hpdmVyVCR0b3ASAAGGoKgHCBMUFRYaIVUkbnVsbNMJCgsMDxJXTlMua2V5c1pOUy5vYmplY3RzViRjbGFzc6INDoACgAOiEBGABIAFgAdccmVsYXRpdmVQYXRoWWFsaWFzRGF0YV8QLy4uLy4uLy4uLy5UcmFzaC9UZXh0aW5nIG92ZXJ0YWtlcyB0YWxraW5nIC5odG1s0hcLGBlXTlMuZGF0YU8RAboAAAAAAboAAgAADE1hY2ludG9zaCBIRAAAAAAAAAAAAAAAAAAAAMm3i1VIKwAAAM9hWR9UZXh0aW5nIG92ZXJ0YWtlcyB0YWxraW5nIC5odG1sAAAAAAAAAAAAAAAAAAAAAAAAAAAAAAAAAAAAAAAAAAABJbWIz0zAKgAAAAAAAAAAAAMAAgAACSAAAAAAAAAAAAAAAAAAAAAGLlRyYXNoABAACAAAybfDlQAAABEACAAAz0z4agAAAAEADADPYVkACGtkAACYOgACAERNYWNpbnRvc2ggSEQ6VXNlcnM6AEpHcmlnZ3M6AC5UcmFzaDoAVGV4dGluZyBvdmVydGFrZXMgdGFsa2luZyAuaHRtbAAOAEAAHwBUAGUAeAB0AGkAbgBnACAAbwB2AGUAcgB0AGEAawBlAHMAIAB0AGEAbABrAGkAbgBnACAALgBoAHQAbQBsAA8AGgAMAE0AYQBjAGkAbgB0AG8AcwBoACAASABEABIANFVzZXJzL0pHcmlnZ3MvLlRyYXNoL1RleHRpbmcgb3ZlcnRha2VzIHRhbGtpbmcgLmh0bWwAEwABLwAAFQACAA7//wAAgAbSGxwdHlokY2xhc3NuYW1lWCRjbGFzc2VzXU5TTXV0YWJsZURhdGGjHR8gVk5TRGF0YVhOU09iamVjdNIbHCIjXE5TRGljdGlvbmFyeaIiIF8QD05TS2V5ZWRBcmNoaXZlctEmJ1Ryb290gAEACAARABoAIwAtADIANwBAAEYATQBVAGAAZwBqAGwAbgBxAHMAdQB3AIQAjgDAAMUAzQKLAo0CkgKdAqYCtAK4Ar8CyALNAtoC3QLvAvIC9wAAAAAAAAIBAAAAAAAAACgAAAAAAAAAAAAAAAAAAAL5},
	Bdsk-Url-1 = {http://www.independent.co.uk/news/uk/home-news/texting-overtakes-talking-as-most-popular-form-of-communication-in-uk-7956016.html}}

@electronic{twitterTurns7,
	Author = {Hayley Tsukayama},
	Date-Added = {2014-03-17 19:03:38 +0000},
	Date-Modified = {2014-03-17 19:05:37 +0000},
	Title = {Twitter turns 7: Users send over 400 million tweets per day},
	Url = {http://www.washingtonpost.com/business/technology/twitter-turns-7-users-send-over-400-million-tweets-per-day/2013/03/21/2925ef60-9222-11e2-bdea-e32ad90da239_story.html},
	Urldate = {March 21, 2013},
	Bdsk-File-1 = {YnBsaXN0MDDUAQIDBAUGJCVYJHZlcnNpb25YJG9iamVjdHNZJGFyY2hpdmVyVCR0b3ASAAGGoKgHCBMUFRYaIVUkbnVsbNMJCgsMDxJXTlMua2V5c1pOUy5vYmplY3RzViRjbGFzc6INDoACgAOiEBGABIAFgAdccmVsYXRpdmVQYXRoWWFsaWFzRGF0YV8QJC4uLy4uLy4uLy5UcmFzaC9Ud2l0dGVyIHR1cm5zIDcuaHRtbNIXCxgZV05TLmRhdGFPEQGQAAAAAAGQAAIAAAxNYWNpbnRvc2ggSEQAAAAAAAAAAAAAAAAAAADJt4tVSCsAAADPYVkUVHdpdHRlciB0dXJucyA3Lmh0bWwAAAAAAAAAAAAAAAAAAAAAAAAAAAAAAAAAAAAAAAAAAAAAAAAAAAAAAAAAASW0K89Mv5oAAAAAAAAAAAADAAIAAAkgAAAAAAAAAAAAAAAAAAAABi5UcmFzaAAQAAgAAMm3w5UAAAARAAgAAM9M99oAAAABAAwAz2FZAAhrZAAAmDoAAgA5TWFjaW50b3NoIEhEOlVzZXJzOgBKR3JpZ2dzOgAuVHJhc2g6AFR3aXR0ZXIgdHVybnMgNy5odG1sAAAOACoAFABUAHcAaQB0AHQAZQByACAAdAB1AHIAbgBzACAANwAuAGgAdABtAGwADwAaAAwATQBhAGMAaQBuAHQAbwBzAGgAIABIAEQAEgApVXNlcnMvSkdyaWdncy8uVHJhc2gvVHdpdHRlciB0dXJucyA3Lmh0bWwAABMAAS8AABUAAgAO//8AAIAG0hscHR5aJGNsYXNzbmFtZVgkY2xhc3Nlc11OU011dGFibGVEYXRhox0fIFZOU0RhdGFYTlNPYmplY3TSGxwiI1xOU0RpY3Rpb25hcnmiIiBfEA9OU0tleWVkQXJjaGl2ZXLRJidUcm9vdIABAAgAEQAaACMALQAyADcAQABGAE0AVQBgAGcAagBsAG4AcQBzAHUAdwCEAI4AtQC6AMICVgJYAl0CaAJxAn8CgwKKApMCmAKlAqgCugK9AsIAAAAAAAACAQAAAAAAAAAoAAAAAAAAAAAAAAAAAAACxA==},
	Bdsk-Url-1 = {http://www.washingtonpost.com/business/technology/twitter-turns-7-users-send-over-400-million-tweets-per-day/2013/03/21/2925ef60-9222-11e2-bdea-e32ad90da239_story.html}}

@electronic{cellphone-ownership,
	Author = {Dara Kerr},
	Date-Added = {2014-03-17 18:57:59 +0000},
	Date-Modified = {2014-03-17 18:59:41 +0000},
	Title = {Smartphone ownership reaches critical mass in the U.S.},
	Url = {http://news.cnet.com/8301-1035_3-57587932-94/smartphone-ownership-reaches-critical-mass-in-the-u.s/},
	Urldate = {June 5, 2013},
	Bdsk-File-1 = {YnBsaXN0MDDUAQIDBAUGJCVYJHZlcnNpb25YJG9iamVjdHNZJGFyY2hpdmVyVCR0b3ASAAGGoKgHCBMUFRYaIVUkbnVsbNMJCgsMDxJXTlMua2V5c1pOUy5vYmplY3RzViRjbGFzc6INDoACgAOiEBGABIAFgAdccmVsYXRpdmVQYXRoWWFsaWFzRGF0YV8QKS4uLy4uLy4uLy5UcmFzaC9TbWFydHBob25lX293bmVyc2hpcC5odG1s0hcLGBlXTlMuZGF0YU8RAaIAAAAAAaIAAgAADE1hY2ludG9zaCBIRAAAAAAAAAAAAAAAAAAAAMm3i1VIKwAAAM9hWRlTbWFydHBob25lX293bmVyc2hpcC5odG1sAAAAAAAAAAAAAAAAAAAAAAAAAAAAAAAAAAAAAAAAAAAAAAAAAAABJbJdz0y+kQAAAAAAAAAAAAMAAgAACSAAAAAAAAAAAAAAAAAAAAAGLlRyYXNoABAACAAAybfDlQAAABEACAAAz0z20QAAAAEADADPYVkACGtkAACYOgACAD5NYWNpbnRvc2ggSEQ6VXNlcnM6AEpHcmlnZ3M6AC5UcmFzaDoAU21hcnRwaG9uZV9vd25lcnNoaXAuaHRtbAAOADQAGQBTAG0AYQByAHQAcABoAG8AbgBlAF8AbwB3AG4AZQByAHMAaABpAHAALgBoAHQAbQBsAA8AGgAMAE0AYQBjAGkAbgB0AG8AcwBoACAASABEABIALlVzZXJzL0pHcmlnZ3MvLlRyYXNoL1NtYXJ0cGhvbmVfb3duZXJzaGlwLmh0bWwAEwABLwAAFQACAA7//wAAgAbSGxwdHlokY2xhc3NuYW1lWCRjbGFzc2VzXU5TTXV0YWJsZURhdGGjHR8gVk5TRGF0YVhOU09iamVjdNIbHCIjXE5TRGljdGlvbmFyeaIiIF8QD05TS2V5ZWRBcmNoaXZlctEmJ1Ryb290gAEACAARABoAIwAtADIANwBAAEYATQBVAGAAZwBqAGwAbgBxAHMAdQB3AIQAjgC6AL8AxwJtAm8CdAJ/AogClgKaAqECqgKvArwCvwLRAtQC2QAAAAAAAAIBAAAAAAAAACgAAAAAAAAAAAAAAAAAAALb},
	Bdsk-Url-1 = {http://news.cnet.com/8301-1035_3-57587932-94/smartphone-ownership-reaches-critical-mass-in-the-u.s/}}

@inproceedings{140,
	Abstract = {Authorship attribution is a growing field, moving from beginnings in linguistics to recent advances in text mining. Through this change came an increase in the capability of authorship attribution methods both in their accuracy and the ability to consider more difficult problems. Research into authorship attribution in the 19th century considered it difficult to determine the authorship of a document of fewer than 1000 words. By the 1990s this values had decreased to less than 500 words and in the early 21st century it was considered possible to determine the authorship of a document in 250 words. The need for this ever decreasing limit is exemplified by the trend towards many shorter communications rather than fewer longer communications, such as the move from traditional multi-page handwritten letters to shorter, more focused emails. This trend has also been shown in online crime, where many attacks such as phishing or bullying are performed using very concise language. Cybercrime messages have long been hosted on Internet Relay Chats (IRCs) which have allowed members to hide behind screen names and connect anonymously. More recently, Twitter and other short message based web services have been used as a hosting ground for online crimes. This paper presents some evaluations of current techniques and identifies some new preprocessing methods that can be used to enable authorship to be determined at rates significantly better than chance for documents of 140 characters or less, a format popularised by the micro-blogging website Twitter1. We show that the SCAP methodology performs extremely well on twitter messages and even with restrictions on the types of information allowed, such as the recipient of directed messages, still perform significantly higher than chance. Further to this, we show that 120 tweets per user is an important threshold, at which point adding more tweets per user gives a small but non-significant increase in accuracy.},
	Author = {Layton, R. and Watters, P. and Dazeley, R.},
	Booktitle = {Cybercrime and Trustworthy Computing Workshop (CTC), 2010 Second},
	Date-Added = {2014-03-17 18:26:02 +0000},
	Date-Modified = {2014-03-21 17:18:49 +0000},
	Doi = {10.1109/CTC.2010.17},
	Keywords = {authorisation;data mining;social networking (online);text analysis;word processing;Internet relay chat;SCAP methodology;authorship attribution;directed message;microblogging Website;text mining;twitter message;Accuracy;Clustering algorithms;Computer crime;Electronic mail;Internet;Testing;Twitter},
	Month = {July},
	Pages = {1-8},
	Title = {Authorship Attribution for Twitter in 140 Characters or Less},
	Year = {2010},
	Bdsk-File-1 = {YnBsaXN0MDDUAQIDBAUGJCVYJHZlcnNpb25YJG9iamVjdHNZJGFyY2hpdmVyVCR0b3ASAAGGoKgHCBMUFRYaIVUkbnVsbNMJCgsMDxJXTlMua2V5c1pOUy5vYmplY3RzViRjbGFzc6INDoACgAOiEBGABIAFgAdccmVsYXRpdmVQYXRoWWFsaWFzRGF0YV8QIC4uLy4uLy4uL0Rvd25sb2Fkcy8xNDBvckxlc3MucGRm0hcLGBlXTlMuZGF0YU8RAX4AAAAAAX4AAgAADE1hY2ludG9zaCBIRAAAAAAAAAAAAAAAAAAAAMm3i1VIKwAAAAhsRg0xNDBvckxlc3MucGRmAAAAAAAAAAAAAAAAAAAAAAAAAAAAAAAAAAAAAAAAAAAAAAAAAAAAAAAAAAAAAAAAAAABKPyOz1HslAAAAAAAAAAAAAMAAgAACSAAAAAAAAAAAAAAAAAAAAAJRG93bmxvYWRzAAAQAAgAAMm3w5UAAAARAAgAAM9SJNQAAAABAAwACGxGAAhrZAAAmDoAAgA1TWFjaW50b3NoIEhEOlVzZXJzOgBKR3JpZ2dzOgBEb3dubG9hZHM6ADE0MG9yTGVzcy5wZGYAAA4AHAANADEANAAwAG8AcgBMAGUAcwBzAC4AcABkAGYADwAaAAwATQBhAGMAaQBuAHQAbwBzAGgAIABIAEQAEgAlVXNlcnMvSkdyaWdncy9Eb3dubG9hZHMvMTQwb3JMZXNzLnBkZgAAEwABLwAAFQACAA7//wAAgAbSGxwdHlokY2xhc3NuYW1lWCRjbGFzc2VzXU5TTXV0YWJsZURhdGGjHR8gVk5TRGF0YVhOU09iamVjdNIbHCIjXE5TRGljdGlvbmFyeaIiIF8QD05TS2V5ZWRBcmNoaXZlctEmJ1Ryb290gAEACAARABoAIwAtADIANwBAAEYATQBVAGAAZwBqAGwAbgBxAHMAdQB3AIQAjgCxALYAvgJAAkICRwJSAlsCaQJtAnQCfQKCAo8CkgKkAqcCrAAAAAAAAAIBAAAAAAAAACgAAAAAAAAAAAAAAAAAAAKu},
	Bdsk-Url-1 = {http://dx.doi.org/10.1109/CTC.2010.17}}
